%% Não ao peso

%%%% self-reference
@article{SelfBrito2021,
  author          = {Brito, J. F. B.},
  title           = {Não ao peso, não ao recrutamento},
  subtitle        = {os Quebra-quilos e as autoridades públicas no Rio Grande do Norte (1874--1875)},
  journal         = {Revista Galo},
  number          = {3},
}

%%%% references

@thesis{Abrantes2011,
  title        = {Avaliação do desenvolvimento sustentável na bacia hidrográfica do Rio Seridó em face das políticas públicas e da gestão de recursos hídricos},
  author       = {Abrantes, Paulo César Medrado},
  year         = 2011,
  type         = {Dissertação (Mestrado em História)},
  institution  = {Universidade Federal do Rio Grande do Norte},
  address      = {Natal},
}

@book{Assuncao1994,
  author         = {Assunção, Luis Carvalho de},
  title          = {Os Negros do Riacho},
  subtitle       = {estratégias de sobrevivência e identidade social},
  address        = {Natal},
  publisher      = {UFRN/CCHLA},
  year           = {1994}
}

@thesis{Borges2000,
  title        = {Cativos do Sertão},
  subtitle     = {um estudo da escravidão no Seridó, Rio Grande do Norte},
  author       = {Borges, Cláudia Cristina do Lago},
  year         = 2000,
  type         = {Dissertação (Mestrado em História)},
  institution  = {Universidade Estadual Paulista},
  address      = {Franca, SP},
}

@thesis{Brito2020,
  author       = {Brito, João Fernando Barreto de},
  title        = {Quanto pesa o quilo?},
  subtitle     = {A adoção do Sistema Métrico Decimal francês no Brasil e os Quebra-Quilos do Norte agrário (1862--1875)},
  type         = {Tese (Doutorado em História Social)},
  institution  = {Universidade Federal do Rio de Janeiro},
  address      = {Rio de Janeiro},
  year         = {2020},
}

@thesis{Carvalho2012,
  author       = {Carvalho, Sadraque Micael Alves de},
  title        = {Um lugar (in)existente},
  subtitle     = {o “país de Mossoró” nas tramas da consciência histórica},
  type         = {Dissertação (Mestrado em História)},
  institution  = {Universidade Federal do Rio Grande do Norte},
  address      = {Natal},
  year         = {2012},
}

@book{Chalhoub1990,
  author         = {Chalhoub, Sidney},
  title          = {Visões da liberdade},
  subtitle       = {uma história das últimas décadas da escravidão na corte},
  publisher      = {Companhia das Letras},
  year           = {1990},
  address        = {São Paulo},
}

@book{Cunha2002,
  author         = {Cunha, Maria Clementina Pereira},
  title          = {Carnavais e outras f(r)estas},
  subtitle       = {ensaios de história social da cultura},
  address        = {Campinas, SP},
  publisher      = {Editora da Unicamp and Cecult},
  year           = {2002},
}

@article{DantasAndSilva2011,
  author          = {Dantas, Joseney Rodrigues de Queiroz and Silva, Franciclézia de Souza Barreto},
  title           = {A (re) organização sócio-espacial no Rio Grande do Norte e suas implicações para o Alto Oeste},
  subtitle        = {particularidades sobre Pau dos Ferros},
  journal         = {Revista de desenvolvimento econômico --- RDE},
  number          = {24},
  month           = dez,
  year            = {2011},
  address         = {Salvador},
  pages           = {35--44},
}

@book{Franco1997,
  author         = {Franco, Sylvia de Carvalho},
  title          = {Homens livres na ordem escravocrata},
  edition        = {4},
  address        = {São Paulo},
  publisher      = {Fundação Editora da UNESP},
  year           = {1997}
}

@thesis{Lopes2011,
  author         = {Lopes, Michele Soares},
  title          = {Escravidão na vila do príncipe, província do Rio Grande do Norte (1850--1888)},
  type           = {Dissertação (Mestrado em História)},
  institution    = {Universidade Federal do Rio Grande do Norte},
  address        = {Natal},
  year           = {2011},
}

@inproceedings{Macedo2015,
  author          = {Macedo, Helder Alexandre Medeiros de},
  title           = {Histórias de famílias mestiças no Seridó (séculos XVIII--XIX)},
  eventtitle      = {Simpósio Nacional de História},
  number          = {18},
  venue           = {Florianópolis, SC},
  eventyear       = {2015},
  booktitle       = {Anais},
  location        = {São Paulo},
  publisher       = {ANPUH},
  year            = {2015},
}

@book{Macedo2005,
  author         = {Macêdo, Muirakytan Kennedy de},
  title          = {A penúltima versão do Seridó},
  subtitle       = {uma história do regionalismo seridoense},
  publisher      = {Sebo Vermelho},
  address        = {Natal},
  year           = {2005},
}

@book{Maior1978,
  author         = {Maior, Armando Souto},
  title          = {Quebra-quilos},
  subtitle       = {lutas sociais no outono do Império},
  address        = {São Paulo},
  publisher      = {Editora Nacional},
  year           = {1978},
}

@book{Martins2010,
  author         = {Martins, José de Souza},
  title          = {O cativeiro da terra},
  edition        = {9},
  address        = {São Paulo},
  publisher      = {Contexto},
  year           = {2010},
}

@book{Mattos1987,
  author         = {Mattos, Hebe Maria},
  title          = {Ao sul da história},
  subtitle       = {lavradores pobres na crise do trabalho escravo},
  address        = {São Paulo},
  publisher      = {Brasiliense},
  year           = {1987},
}

@thesis{Mattos1985,
  author         = {Mattos, Maria Regina Mendonça Furtado},
  title          = {Vila do Príncipe (1850--1890)},
  subtitle       = {Sertão do Seridó --- um estudo de caso da pobreza},
  type           = {Dissertação (Mestrado em História)},
  institution    = {Universidade Federal Fluminense},
  address        = {Niterói},
  year           = {1985},
}

@article{Mendes1999,
  author          = {Mendes, Fábio Faria},
  title           = {A “Lei da Cumbuca”},
  subtitle        = {a Revolta contra o Sorteio Militar},
  journal         = {Estudos históricos},
  number          = {24},
  year            = {1999},
}

@book{Monteiro1993,
  author         = {Monteiro, H. M.},
  title          = {Nordeste insurgente (1850--1890)},
  publisher      = {Editora Brasiliense},
  address        = {São Paulo},
  year           = {1993}
}

@book{Motta1998NasFronteiras,
  author         = {Motta, Márcia Maria Menendes},
  title          = {Nas fronteiras do poder},
  subtitle       = {conflito de terra e direito à terra no Brasil do século XIX},
  address        = {Rio de Janeiro},
  publisher      = {Vício de Leitura and Arquivo Público do estado do Rio de Janeiro},
  year           = {1998},
}

@article{Oliveira2005,
  author          = {Oliveira, Maria Luiza Ferreira},
  title           = {O Ronco das Abelhas},
  subtitle        = {resistência popular e conflito na consolidação do Estado nacional, 1851--1852},
  journal         = {Almanack Braziliense},
  number          = {1},
  month           = may,
  year            = {2005}
}

@thesis{Pereira2014,
  author          = {Pereira, Ariane de Medeiros},
  title           = {Escravos em ação na comarca do Príncipe},
  subtitle        = {província do Rio Grande do Norte (1870--1888)},
  type            = {Dissertação (Mestrado em História)},
  institution     = {Universidade Federal do Rio Grande do Norte},
  address         = {Natal},
  year            = {2014},
}

@thesis{Richardson2008,
  author          = {Richardson, Kim},
  title           = {Quebra-quilos and peasant Resistance},
  subtitle        = {Peasants, Religion, and Politics in Nineteenth-Century Brazil},
  type            = {Tese (Doutorado em História)},
  institution     = {Faculty of Texas Tech University},
  year            = {2008},
}

@book{Rosado1981,
  title          = {O motim das mulheres},
  subtitle       = {um episódio do Quebra Quilos},
  author         = {Rosado, V.},
  series         = {Coleção mossoroense},
  volume         = {157},
  address        = {Mossoró},
  year           = {1981},
}

@book{secreto2011medidos,
  title          = {(Des)medidos},
  subtitle       = {a revolta dos Quebra-Quilos (1874--1876)},
  author         = {Secreto, María Verónica},
  isbn           = {9788574783888},
  lccn           = {2012318399},
  address        = {Rio de Janeiro},
  publisher      = {Mauad and FAPERJ},
  year           = {2011},
}
