%% o contexto sobre o uso de drogas

%%%% self-reference
@article{SelfBritoAndMacedo2021,
  author  = {Brito, A. I. S. and Macedo, H. A. M. },
  title   = {O contexto sobre o uso de substâncias lícitas e ilícitas em Caicó, Rio Grande do Norte},
  journal = {Revista Galo},
  number  = {3}
}

%%%% references

@book{AlbuquerqueJr2009Invencao,
  author    = {Albuquerque{ }Jr, D. M.},
  title     = {A invenção do nordeste e outras artes},
  edition   = {4},
  location  = {São Paulo},
  publisher = {Cortez},
  year      = {2009}
}

@article{AlbuquerqueJr2016VedeSertao,
  author   = {Albuquerque{ }Jr, D. M.},
  title    = {Vede sertão, verdes sertões},
  subtitle = {cinema, fotografia e literatura na construção de outras paisagens nordestinas},
  location = {Uberlândia, MG},
  journal  = {Fênix --- Revista de História e Estudos Culturais},
  volume   = {13},
  number   = {1},
  year     = {2016}
}

%% Amado1995Regiao

@article{Brandao2014Ciclos,
  author   = {Brandão, M. D.},
  title    = {Ciclos e atenção à maconha no Brasil},
  journal  = {Revista da Biologia},
  location = {São Paulo},
  volume   = {13},
  number   = {1},
  year     = {2014}
}

@book{Carneiro2018Drogas,
  author    = {Carneiro, H.},
  title     = {Drogas},
  subtitle  = {a história do proibicionismo},
  publisher = {Autonomia Literária},
  location  = {São Paulo},
  year      = {2018}
}

@book{Grant2014Historia,
  author    = {Grant, S. M.},
  title     = {História Concisa dos Estados Unidos da América},
  location  = {São Paulo},
  publisher = {Edipro},
  year      = {2014}
}

@book{Certeau1982Escrita,
  author     = {Certeau, M.},
  title      = {A escrita da História},
  translator = {Maria de Lourdes Menezes},
  location   = {Rio de Janeiro},
  publisher  = {Forense Universitária},
  year       = {1982}
}

@article{LoBianco2016,
  title   = {Report: Aide says Nixon's war on drugs targeted blacks, hippies},
  author  = {L{o}Bianco, T.},
  journal = {CNN},
  url     = {https://amp.cnn.com/cnn/2016/03/23/politics/john-ehrlichman-richard-nixon-drug-war-blacks-hippie/index.html?__twitter_impression=true},
  urldate = {2019-04-27},
  year    = {2016}
}

@book{ColetivoDar2016Dichavando,
  editor     = {Coletivo{ }DAR},
  editortype = {organizer},
  title      = {Dichavando o poder},
  subtitle   = {drogas e autonomia},
  location   = {São Paulo},
  publisher  = {Autonomia Literária},
  year       = {2016}
}

@book{Fernandes2012Discurso,
  author    = {Fernandes, C. A.},
  title     = {Discurso e sujeito em Michel Foucault},
  location  = {São Paulo},
  publisher = {Intermeios},
  year      = {2012}
}

@book{Foucault2005Arqueologia,
  author    = {Foucault, M.},
  title     = {A arqueologia do saber},
  edition   = {7},
  location  = {Rio de Janeiro},
  publisher = {Forense Universitária},
  year      = {2005}
}

@book{Koselleck2006Futuro,
  author     = {Koselleck, R.},
  title      = {Futuro passado},
  subtitle   = {contribuição à semântica dos tempos históricos},
  translator = {Wilma Patricia Mass and Carlos Almeida Pereira},
  reviser    = {César Benjamin},
  location   = {Rio de Janiero},
  publisher  = {Contraponto and PUC-RJ},
  year       = {2006}
}

@book{Orlandi1999Analise,
  author    = {Orlandi, E.},
  title     = {Análise de discurso},
  subtitle  = {princípios e procedimentos},
  location  = {Campinas},
  publisher = {Pontes},
  year      = {1999}
}

@book{AmadoAndFerreira2006Usos,
  editor     = {Amado, J. and Ferreira, M. M.},
  editortype = {organizer},
  title      = {Usos e abusos da história oral},
  location   = {Rio de Janeiro},
  edition    = {8},
  publisher  = {FGV},
  year       = {2006}
}
