%%%% self-reference
@article{SelfClaudiano2021,
  author   = {Claudiano, L. S.},
  title    = {Mapas da cidade},
  subtitle = {textos, imagens e imaginários},
  journal  = {Revista Galo},
  number   = {3}
}

%%%%% References

@inbook{Andrade1982Vida,
  author     = {Andrade, R. M. F.},
  title      = {Vida literária},
  subtitle   = {António de Alcântara Machado --- Brás, Bexiga e Barra Funda},
  bookauthor = {Lara, C.},
  booktitle  = {Comentários e notas à edição fac-similar de 1982 de Brás, Bexiga e Barra Funda, de António de Alcântara Machado},
  location   = {São Paulo},
  publisher  = {Imprensa Oficial do Estado},
  year       = {1982}
}

@book{Aranha1984Cocktails,
  author    = {Aranha, L.},
  title     = {Cocktails},
  subtitle  = {poemas},
  location  = {São Paulo},
  publisher = {Brasiliense},
  year      = {1984}
}

@book{Barthes2015Camera,
  author    = {Barthes, R.},
  title     = {A câmara clara},
  subtitle  = {nota sobre a fotografia},
  location  = {Rio de Janeiro},
  publisher = {Nova Fronteira},
  year      = {2015}
}

@book{Berman2009Seculo,
  author    = {Berman, M.},
  title     = {Um século em Nova York},
  subtitle  = {espetáculos em Times Square},
  location  = {São Paulo},
  publisher = {Cia. das Letras},
  year      = {2009}
}

@incollection{Bresciani2014Historia,
  author     = {Bresciani, M. S. M.},
  title      = {História e historiografia das cidades, um percurso},
  booktitle  = {Historiografia Brasileira em Perspectiva},
  editor     = {Freitas, M. C.},
  editortype = {organizer},
  location   = {São Paulo},
  publisher  = {Contexto},
  year       = {2014}
}

@book{Bosi2006Historia,
  author    = {Bosi, A.},
  title     = {História concisa da Literatura Brasileira},
  location  = {São Paulo},
  publisher = {Cultrix},
  year      = {2006}
}

@inbook{Damy1984Espirito,
  author     = {Damy, M.},
  title      = {O espírito dos livros},
  subtitle   = {Brás, Bexiga e Barra Funda, de António de Alcântara Machado},
  bookauthor = {Lara, C.},
  booktitle  = {Comentários e notas à edição fac-similar de 1982 de Brás, Bexiga e Barra Funda, de António de Alcântara Machado},
  location   = {São Paulo},
  publisher  = {Imprensa Oficial do Estado},
  year       = {1982}
}

@inbook{Gama1984Segundas,
  author     = {Gama, S.},
  title      = {Às segundas},
  bookauthor = {Lara, C.},
  booktitle  = {Comentários e notas à edição fac-similar de 1982 de Brás, Bexiga e Barra Funda, de António de Alcântara Machado},
  location   = {São Paulo},
  publisher  = {Imprensa Oficial do Estado},
  year       = {1982}
}

@book{Kossoy2014Fotografia,
  author    = {Kossoy, B.},
  title     = {Fotografia \& História},
  location  = {São Paulo},
  publisher = {Ateliê Editorial},
  year      = {2014}
}

@book{KossoyFernandesJuniorAndSegawa2011Guilherme,
  title       = {Guilherme Gaensly},
  editor      = {Kossoy, B. and {Fernandes Júnior}, R. and Segawa, H.},
  editortype = {organizer},
  location    = {São Paulo},
  publisher   = {Cosac Naify},
  year        = {2011}
}

@book{Machado2003Contos,
  author    = {Machado, A. A.},
  title     = {Contos Reunidos},
  subtitle  = {Brás, Bexiga e Barra Funda; Laranja da China; e outros contos},
  location  = {São Paulo},
  publisher = {Ática},
  year      = {2003}
}

@inbook{Machado1970Meditatio,
  author     = {Machado, A. A.},
  title      = {Meditatio Mortis},
  bookauthor = {Machado, L. T.},
  booktitle  = {António de Alcântara Machado e o Modernismo},
  location   = {Rio de Janeiro},
  publisher  = {José Olympio},
  year       = {1970}
}

@book{Pesavento2014Historia,
  author    = {Pesavento, S. J.},
  title     = {História \& História Cultural},
  location  = {Belo Horizonte},
  publisher = {Autêntica},
  year      = {2014}
}

@book{Pesavento2002Imaginario,
  author    = {Pesavento, S. J.},
  title     = {O imaginário da cidade},
  subtitle  = {visões literárias do urbano --- Paris, Rio de Janeiro, Porto Alegre},
  location  = {Porto Alegre},
  publisher = {Editora da UFRGS},
  year      = {2002}
}

@inbook{Ribeiro1982Bras,
  author     = {Ribeiro, J.},
  title      = {Brás, Bexiga e Barra Funda},
  bookauthor = {Lara, C.},
  booktitle  = {Comentários e notas à edição fac-similar de 1982 de Brás, Bexiga e Barra Funda, de António de Alcântara Machado},
  location   = {São Paulo},
  publisher  = {Imprensa Oficial do Estado},
  year       = {1982}
}

@book{Sevcenko2014Orfeu,
  author    = {Sevcenko, N.},
  title     = {Orfeu extático na metrópole},
  subtitle  = {São Paulo, sociedade e cultura nos frementes anos 20},
  location  = {São Paulo},
  publisher = {Cia. das Letras},
  year      = {2014}
}

@thesis{Silva2010Bras,
  title       = {Brás, Bexiga e Barra Funda, de Alcântara Machado},
  subtitle    = {uma narrativa registro da cidade de São Paulo},
  author      = {Silva, I. S.},
  year        = 2010,
  subtitle    = {Sesmarias e Conflito de Terras entre Índios em Freguesias Extramuros do Rio de Janeiro (Século XVIII)},
  type        = {Dissertação (Mestrado em Literatura e Crítica literária)},
  institution = {Pontifícia Universidade Católica de São Paulo},
  location    = {São Paulo}
}

@movie{KemenyAndRex1929Sao,
  title        = {São Paulo, a symphonia da metrópole},
  editoratype  = {Direção:},
  editora      = {Adalberto Kemeny and Rudolf Rex Lustig},
  editorbtype  = {Produção:},
  editorb      = {Adalberto Kemeny and Rudolf Rex Lustig},
  editorctype  = {Roteiro:},
  editorc      = {Adalberto Kemeny},
  location     = {Brasil},
  publisher    = {Paramount Pictures},
  year         = {1929},
  note         = {(90 min., pb.)}
}

@movie{Scorsese1976Taxi,
  title        = {Taxi Driver},
  editoratype  = {Direção:},
  editora      = {Martin Scorsese},
  editorbtype  = {Produção:},
  editorb      = {Julia Phillips and Michael Phillips},
  location     = {EUA},
  publisher    = {Columbia Pictures},
  year         = {1976},
  note         = {(113 min., color.)}
}

@movie{KellyAndDonen1949Dia,
  title        = {{Um dia} em Nova York},
  sorttitle    = {Dia em Nova York, Um},
  editoratype  = {Direção:},
  editora      = {Gene Kelly and Stanley Donen},
  editorbtype  = {Produção:},
  editorb      = {Arthur Freed},
  editordtype  = {Roteiro:},
  editord      = {Betty Comden and Adolph Green},
  location     = {EUA},
  publisher    = {Columbia Pictures},
  year         = {1949},
  note         = {(98 min., color.)}
}
