%% 01 O patrimônio da Companhia de Jesus
@book{Alden1996,
	title        = {The making of an enterprise},
	author       = {Alden, D.},
	year         = 1996,
	publisher    = {Stanford University Press},
	address      = {Stanford},
	subtitle     = {the Society of Jesus in Portugal, its empire, and beyond. 1540--1750},
	language     = {english}
}

@thesis{Alveal2002,
	title        = {História e direito},
	author       = {Alveal, C. M. O.},
	year         = 2002,
	subtitle     = {Sesmarias e Conflito de Terras entre Índios em Freguesias Extramuros do Rio de Janeiro (Século XVIII)},
	type         = {Dissertação (mestrado em História)},
	institution  = {Universidade Federal do Rio de Janeiro}
}
@book{Assuncao2004,
	title        = {Negócios Jesuíticos},
	author       = {Assunção, P.},
	year         = 2004,
	publisher    = {Editora da Universidade de São Paulo},
	address      = {São Paulo},
	subtitle     = {o cotidiano da administração dos bens divinos}
}
@article{Azevedo1959,
	title        = {Aldeias e aldeamentos},
	author       = {Azevedo, A.},
	year         = 1959,
	number       = 33,
	pages        = 27,
	journaltitle = {Boletim Paulista de Geografia}
}
@article{Azevedo1957,
	title        = {Embriões de cidades brasileiras},
	author       = {Azevedo, A.},
	year         = 1957,
	number       = 25,
	journaltitle = {Boletim Paulista de Geografia}
}
@book{Cascudo1984,
	title        = {História do Rio Grande do Norte},
	author       = {Cascudo, L. C.},
	year         = 1984,
	publisher    = {Fundação José Augusto and Achiamé},
	address      = {Natal and Rio de Janeiro},
	edition      = 2
}
@book{Cascudo1968,
	title        = {Nomes da terra},
	author       = {Cascudo, L. C.},
	year         = 1968,
	publisher    = {Fundação José Augusto},
	address      = {Natal},
	subtitle     = {Geografia, História e toponímia do Rio Grande}
}
@thesis{Couto1990,
	title        = {O colégio dos jesuítas do Recife e o destino de seu patrimônio (1759--1777)},
	author       = {Couto, J. J. C},
	year         = 1990,
	type         = {Dissertação (Mestrado em História moderna de Portugal)},
	institution  = {Universidade de Lisboa}
}
@thesis{Dias2015,
	title        = {Onde fica o sertão rompem-se as águas},
	author       = {Dias, P. O.},
	year         = 2015,
	address      = {Natal},
	subtitle     = {processo de territorialização da ribeira do Apodi-Mossoró (1676--1725)},
	type         = {Dissertação (Mestrado em História)},
	institution  = {Universidade Federal do Rio Grande do Norte}
}
@thesis{Dias2011,
	title        = {Dinâmicas mercantis coloniais},
	author       = {Dias, T. A.},
	year         = 2011,
	subtitle     = {capitania do Rio Grande do Norte (1760--1821)},
	type         = {Dissertação (Mestrado em História e espaços)},
	institution  = {Universidade Federal do Rio Grande do Norte}
}
@thesis{Dias2017,
	title        = {Monopólio indireto},
	author       = {Dias, T. A.},
	year         = 2017,
	address      = {São Paulo},
	subtitle     = {colonização mercantil no norte do Estado do Brasil (c. 1710 -- c. 1780)},
	type         = {Tese (Doutorado em História Econômica)},
	institution  = {Universidade de São Paulo}
}
@book{Dias2018,
	title        = {??},
	author       = {Dias, T. A.},
	year         = 2018,
}
@inbook{Fragoso2001,
	title        = {A formação da economia colonial no Rio de Janeiro e de sua primeira elite senhorial (séculos XVI e XVII)},
	author       = {Fragoso, J. A.},
	year         = 2001,
	booktitle    = {O Antigo Regime nos trópicos},
	publisher    = {Civilização Brasileira},
	address      = {Rio de Janeiro},
	pages        = {29--71},
	bookauthor   = {FRAGOSO, J. and BICALHO, M. F. and GOUVÊA, M. F.},
	booksubtitle = {a dinâmica Imperial portuguesa (séculos XVI-XVIII)},
	edition      = 2
}
@book{Grossi2006,
	title        = {História da propriedade e outros ensaios},
	author       = {Grossi, P.},
	year         = 2006,
	publisher    = {Renovar},
	address      = {Rio de Janeiro}
}
@book{Leite2000,
	title        = {Notórios rebeldes},
	author       = {Leite, E.},
	year         = 2000,
	publisher    = {Fundación Histórica Taverna},
	address      = {Madri},
	subtitle     = {a expulsão da Companhia de Jesus da América portuguesa}
}
@book{Leite2004,
	title        = {História da Companhia de Jesus no Brasil},
	author       = {Leite, S.},
	year         = 2004,
	publisher    = {Editora Vozes},
	address      = {São Paulo},
	note         = {Tombos I, II e III}
}
@book{Lemos1912,
	title        = {Capitães mores e governadores do Rio Grande do Norte},
	author       = {Lemos, V.},
	year         = 1912,
	publisher    = {Typ. do Jornal do Commercio},
	address      = {Rio de Janeiro}
}
@book{Lopes2003,
	title        = {Índios, colonos e missionários na colonização da capitania do Rio Grande},
	author       = {Lopes, F. M.},
	year         = 2003,
	publisher    = {Fundação Vingt-Um Rosado and Instituto Histórico e Geográfico do Rio Grande do Norte},
	address      = {Mossoró}
}
@thesis{Lopes2005,
	title        = {Em nome da liberdade},
	author       = {Lopes, F. M.},
	year         = 2005,
	subtitle     = {as vilas de índios do Rio Grande do Norte sob o diretório pombalino no século XVIII},
	type         = {Tese (Doutorado em História do Norte-Nordeste)},
	institution  = {Universidade Federal de Pernambuco}
}
@thesis{Macedo2007,
	title        = {Rústicos cabedais},
	author       = {Macêdo, M. K.},
	year         = 2007,
	subtitle     = {patrimônio e cotidiano familiar nos sertões do Seridó (século XVIII)},
	type         = {Tese (Doutorado Ciências Sociais --- Cultura e representações)},
	institution  = {Universidade Federal do Rio Grande do Norte}
}
@book{MarizAndSuassuna2002,
	title        = {História do Rio Grande do Norte},
	author       = {Mariz, M. S. and Suassuna, L. E. B.},
	year         = 2002,
	publisher    = {Editora Sebo Vermelho},
	address      = {Natal}
}
@book{Medeiros1985,
	title        = {Proto-história do Rio Grande do Norte},
	author       = {Medeiros, T.},
	year         = 1985,
	publisher    = {Presença Edições},
	address      = {Rio de Janeiro}
}
@book{Pedroza2020,
	title        = {Por trás dos senhorios},
	author       = {Pedroza, M.},
	year         = 2020,
	publisher    = {Paco Editorial},
	address      = {São Paulo},
	subtitle     = {senhores e camponeses em disputa por terras, corpos e almas na América portuguesa (1500--1759)}
}
@thesis{Pereira2018,
	title        = {De capitania donatária à capitania régia},
	author       = {Pereira, E. T.},
	year         = 2018,
	address      = {Natal},
	subtitle     = {o senhorio de João de Barros na “Terra dos Potiguara” --- Século XVI},
	type         = {Dissertação (Mestrado em História)},
	institution  = {Universidade Federal do Rio Grande do Norte}
}
@thesis{Porto2000,
	title        = {Jesuítas na capitania do Rio Grande séculos XVI--XVIII},
	author       = {Porto, M. E. M.},
	year         = 2000,
	subtitle     = {arcaicos e modernos},
	type         = {Tese (Doutorado em História)},
	institution  = {Universidade de Salamanca}
}
@thesis{Rodrigues1997,
	title        = {O governador Francisco Xavier de Mendonça Furtado no Grão-Pará e Maranhão (1751--1759)},
	author       = {Rodrigues, M. I. S. R. V.},
	year         = 1997,
	subtitle     = {contribuição do seu epistolário para a História portuguesa do Brasil},
	type         = {Dissertação (Mestrado em História e cultura do Brasil)},
	institution  = {Universidade de Lisboa}
}
@article{Santos2008,
	title        = {A expulsão dos jesuítas da Bahia},
	author       = {Santos, F. L.},
	year         = 2008,
	month        = jun,
	address      = {São Paulo},
	volume       = 28,
	number       = 55,
	subtitle     = {aspectos econômicos},
	journaltitle = {Revista Brasileira de História}
}
@book{Silva2010,
	title        = {Nas solidões vastas e assustadoras},
	author       = {Silva, K. V.},
	year         = 2010,
	publisher    = {Cepe},
	address      = {Recife},
	subtitle     = {a conquista do sertão de Pernambuco pelas vilas açucareiras nos séculos XVII e XVIII}
}
@thesis{Silva2015,
	title        = {Na ribeira da discórdia},
	author       = {Silva, T. F.},
	year         = 2015,
	address      = {Natal},
	subtitle     = {terras, homens e armas na territorialização do Assú},
	type         = {Dissertação (Mestrado em História)},
	institution  = {Universidade Federal do Rio Grande do Norte}
}
@thesis{Souza2013,
	title        = {Liberdades possíveis},
	author       = {Souza, A. M.},
	year         = 2013,
	subtitle     = {escravidão e alforria no termo da vila de Arez (séculos XVIII e XIX)},
	type         = {Dissertação (Mestrado em História)},
	institution  = {Universidade Federal do Rio Grande do Norte}
}
@article{Translado1909,
	title        = {Translado do Auto de Terras do Rio Grande},
	year         = 1909,
	volume       = 7,
	number       = {1 e 2},
	pages        = {5--131},
	journaltitle = {Revista do IHGRN}
}
