%% a institucionalização

%%%% self-reference
@article{SelfVieiraNetoAndAndrade2021,
  author   = {Vieira{ }Neto, J. and Andrade, J. C. S.},
  title    = {``Vencido o New Look''},
  subtitle = {resistências femininas a Christian Dior e as suas modas (Natal/RN, 1948--1953)},
  journal  = {Revista Galo},
  number   = {3}
}

%%%% references

@article{Chateaubriand1952Show,
  author       = {Chateaubriand, A.},
  title        = {O ``show'' de Jacques Fath},
  journal      = {Diário de Natal},
  location     = {Natal},
  pages        = {3},
  date         = {1952-07-24},
  entrysubtype = {newspaper}
}

@article{Kaliweyer1948Batalha,
  author       = {Kaliweyer, R.},
  title        = {A batalha das modas da primavera em Paris},
  journal      = {Diário de Natal},
  volume       = {Natal},
  pages        = {9},
  date         = {1948-05-16},
  entrysubtype = {newspaper}
}

@article{Lordello1949Vencido,
  author       = {Lordello, E.},
  title        = {Vencido o ``New Look''},
  journal      = {Diário de Natal},
  volume       = {Natal},
  pages        = {7},
  date         = {1949-01-23},
  entrysubtype = {newspaper}
}

@article{Miller1953Luta,
  author       = {Miller, B.},
  title        = {A luta contra Christian Dior},
  subtitle     = {contrarias as secretárias á nova moda de sáia curta},
  journal      = {Diário de Natal},
  volume       = {Natal},
  pages        = {2},
  date         = {1953-08-12},
  entrysubtype = {newspaper}
}

@article{ModistasFrancezes1948,
  title        = {Os{ }modistas francezes decretam a morte do ``New Look'' e lançam o ``New New''},
  sorttitle    = {Modistas francezes decretam a morte do ``New Look'' e lançam o ``New New'', Os},
  journal      = {Diário de Natal},
  volume       = {Natal},
  pages        = {9},
  date         = {1948-09-26},
  entrysubtype = {newspaper}
}

@article{NoticiasDaModa1948janeiro,
  title        = {Notícias da moda},
  journal      = {Diário de Natal},
  volume       = {Natal},
  pages        = {9},
  date         = {1948-01-11},
  entrysubtype = {newspaper}
}

@article{CurtasOuCompridas1948,
  title        = {Curtas ou compridas?},
  journal      = {Diário de Natal},
  volume       = {Natal},
  pages        = {9--100},
  date         = {1948-01-18},
  entrysubtype = {newspaper}
}

@article{DiarioDeNatal1949SemTitulo,
  journal      = {Diário de Natal},
  volume       = {Natal},
  pages        = {5},
  date         = {1949-07-10},
  entrysubtype = {newspaper}
}

@article{NoticiasDaModa1948Junho,
  title        = {Notícias da moda},
  journal      = {Diário de Natal},
  volume       = {Natal},
  pages        = {12},
  date         = {1948-06-12},
  entrysubtype = {newspaper}
}

% Notícias da moda. Diário de Natal. Natal-RN, p. 12 jun.  

@book{Agamben2009Conteporaneo,
  author     = {Agamben, G.},
  title      = {O que é o contemporâneo? e outros ensaios},
  translator = {Vinicius Nicastro Honesco},
  location   = {Chapecó, SC},
  publisher  = {Argos},
  year       = {2009}
}

@book{Calanca2008Historia,
  author    = {Calanca, D.},
  title     = {História social da moda},
  location  = {São Paulo},
  publisher = {Senac},
  year      = {2008}
}

@inbook{Crane2006Moda,
  author       = {Crane, D.},
  title        = {Moda e escolhas de vestuário em dois séculos},
  bookauthor   = {Crane, D.},
  booktitle    = {A moda e seu papel social},
  booksubtitle = {classe, gênero e identidade das roupas},
  location     = {São Paulo},
  publisher    = {Senac},
  year         = {2006}
}

@book{SilvaMonteleoneDebom2019HistoriaModa,
  volume     = {1},
  editor     = {Silva, C. B. and Monteleone, J. and Debom, P.},
  editortype = {organizer},
  title      = {A História na Moda, a Moda na História},
  location   = {São Paulo},
  publisher  = {Alameda},
  year       = {2019}
}

@book{Lipovetsky1989Imperio,
  author    = {Lipovetsky, G.},
  title     = {O império do efêmero},
  subtitle  = {a moda e seu destino nas sociedades modernas},
  location  = {São Paulo},
  publisher = {Companhia das Letras},
  year      = {1989}
}

@incollection{Luca2009Historia,
  author     = {Luca, T. R.},
  title      = {História dos, nos e por meio dos periódicos},
  booktitle  = {O historiador e suas fontes},
  editor     = {Pinsky, C. B.},
  editortype = {organizer},
  location   = {São Paulo},
  publisher  = {Contexto},
  year       = {2009}
}

@thesis{MedeirosFl2014Arremedando,
  author      = {Medeiros{ }Filho, J. Q.},
  title       = {Arremedando Dior},
  subtitle    = {a moda do new look em São João do Sabugi-RN (anos 1950)},
  type        = {Dissertação (Mestrado em História)},
  institution = {Universidade Federal do Campina Grande},
  address     = {Campina Grande, PB},
  year        = {2014}
}

@book{Pochna2000Dior,
  author     = {Pochna, M. F.},
  translator = {Carlos Sussekind},
  title      = {Dior},
  location   = {São Paulo},
  publisher  = {Cosac \& Naify},
  year       = {2000}
}

@inproceedings{Rainho2015Moda,
  author     = {Rainho, M. C. T.},
  title      = {A moda como campo de estudos do historiador},
  subtitle   = {balanço da produção acadêmica no Brasil},
  eventtitle = {Colóquio de Moda},
  number     = {11},
  venue      = {Curitiba},
  volume     = {1},
  eventyear  = {2015},
  booktitle  = {Anais},
  location   = {Curitiba},
  year       = {2015}
}
