%% O diário de Natal

%%%% self-reference
@article{SelfBritoMBR2021,
  author   = {Brito, M. B. R.},
  title    = {O Diário de Natal},
  subtitle = {o papel da imprensa potiguar na circulação das notícias do Projeto Baixo-Açu (1975--1979)},
  journal  = {Revista Galo},
  number   = {3}
}

%%%% references

@article{Amado1995Regiao,
  author   = {Amado, J.},
  title    = {Região, Sertão, Nação},
  journal  = {Estudos Históricos},
  location = {Rio de Janeiro},
  volume   = {8},
  number   = {15},
  pages    = {145--151},
  year     = {1995}
}

@thesis{Andrade2007Caico,
  author      = {Andrade, J. B. F.},
  title       = {Caicó},
  subtitle    = {uma cidade entre a recusa e a sedução},
  type        = {Dissertação (Mestrado em História)},
  institution = {Universidade Federal do Rio Grande do Norte},
  address     = {Natal},
  year        = {2007}
}

@book{Foucault2002Ordem,
  author    = {Foucault, M.},
  title     = {A ordem do discurso},
  edition   = {8},
  location  = {São Paulo},
  publisher = {Loyola},
  year      = {2002}
}

@article{Lapuente2016Imprensa,
  author   = {Lapuente, R. S.},
  title    = {A imprensa como fonte},
  subtitle = {apontamentos teórico-metodológicos acerca da utilização do periódico impresso na pesquisa histórica},
  location = {Fortaleza},
  journal  = {Bilros},
  volume   = {4},
  number   = {6},
  pages    = {11--29},
  year     = {2016}
}

%% Luca2005Historia

%% Moraes2003Sertao

%% Neves2003Sertao

@article{Pesavento2007Cidades,
  author   = {Pesavento, S. J.},
  title    = {Cidades visíveis, cidades sensíveis, cidades imagináveis},
  location = {São Paulo},
  journal  = {Revista Brasileira de História},
  volume   = {27},
  number   = {53},
  year     = {2007}
}

@thesis{Pinheiro2018Vale,
  author      = {Pinheiro, F. L. D.},
  title       = {O vale das miragens},
  subtitle    = {grandes projetos hídricos e a ``redenção'' do Baixo-Açu (1910-1983)},
  type        = {Dissertação (Mestrado em História)},
  institution = {Universidade Federal do Rio Grande do Norte},
  address     = {Natal},
  year        = {2018}
}

@article{Silva2009Influencia,
  author   = {Silva, L. L.},
  title    = {A influência da estratégia corporativa na criação de valor},
  subtitle = {um estudo de caso dos Diários Associados em Minas Gerais},
  location = {São Bernardo do Campo, SP},
  journal  = {Revista Organizações em Contexto},
  volume   = {5},
  number   = {10},
  pages    = {57--80},
  year     = {2009}
}

@thesis{Souza2010Escafandristas,
  author      = {Souza, F. C. S.},
  title       = {Escafandristas do tempo},
  subtitle    = {narrativas de vida e regeneração da memória em São Rafael-RN},
  type        = {Tese (Doutorado em Educação)},
  institution = {Universidade Federal do Rio Grande do Norte},
  address     = {Natal},
  year        = {2010}
}

@book{Souza2011Teias,
  author    = {Souza, F. C. S.},
  title     = {Teias da saudade},
  subtitle  = {Orkut, narrativas visuais e regeneração da memória em São Rafael-RN},
  publisher = {IFRN},
  location  = {Natal},
  year      = {2011}
}

@article{Weber2012Metodologia,
  author   = {Weber, D. M.},
  title    = {Metodologia para pesquisa em imprensa},
  subtitle = {experiências através d'O Paladino},
  location = {Lajeado, RS},
  journal  = {Signos},
  volume   = {33},
  number   = {1},
  year     = {2012},
  pages    = {9--21}
}
