%% O material dourado como recurso didático no ensino do algoritmo da subtração: uma experiência em sala de aula

%%%% self-reference
@article{SelfCarvalhoAndGuimarães2021material,
  author   = {Carvalho, Verônica Umbelino Souza de and Guimarães, Anilda Pereira da Silva},
  title    = {O material dourado como recurso didático no ensino do algoritmo da subtração},
  subtitle = {uma experiência em sala de aula},
  journal  = {Revista Galo},
  number   = {4}
}


%%%% references

@book{BERTONAndITACARAMBI2009Números,
  author    = {Berton, Ivani da Cunha Borges and Itacarambi, Ruth Ribas},
  title     = {Números, Brincadeiras e Jogos},
  location  = {São Paulo},
  publisher = {Livraria da Física},
  year      = {2009}
}

%% parametros nacionais curriculares 1998

@book{CENTURIÓN1995Números,
  author    = {Centurión, Marília},
  title     = {Números e Operações},
  location  = {São Paulo},
  publisher = {Scipione},
  year      = {1995}
}

@article{DALTOÉAndStrelowTrabalhando,
  author   = {Daltoé, Karen and Strelow, Sueli},
  title    = {Trabalhando com Material Dourado e Blocos Lógicos nas Séries Iniciais},
  location = {Curitiba}
}

@book{DANTE2015Projeto,
  author    = {Dante, Luis Roberto},
  title     = {Projeto Ápis},
  subtitle  = {Matemática, 4º ano},
  location  = {São Paulo},
  publisher = {Editora Ática},
  year      = {2015}
}

@book{GOLBERT1999Matemática,
  author    = {Golbert, C. S},
  title     = {Matemática nas séries iniciais},
  subtitle  = {sistema de numeração decimal},
  location  = {Porto Alegre},
  publisher = {Mediação},
  year      = {1999}
}

@book{LORENZATO2006Começar,
  author    = {Lorenzato, Sérgio},
  title     = {Começar pelo Concreto},
  location  = {Campinas},
  publisher = {Autores Associados},
  year      = {2006}
}

@article{NACARATO2005trabalho,
  author   = {Nacarato, Adair Mendes},
  title    = {Eu trabalho primeiro no concreto},
  journal  = {Revista de Educação Matemática},
  volume   = {9},
  number   = {9--10},
  location = {São Paulo},
  year     = {2005},
  pages    = {1--6}
}

@book{NETO2005Didática,
  author    = {Neto, Ernesto Rosa},
  title     = {Didática da Matemática},
  location  = {São Paulo},
  publisher = {Ática},
  year      = {2005}
}

@book{PANNIZA2006Ensinar,
  editor     = {Panniza, Mabel},
  editortype = {organizer},
  title      = {Ensinar Matemática na Educação Infantil e nas Séries Iniciais},
  subtitle   = {Análises e Propostas},
  location   = {Porto Alegre},
  publisher  = {Artmed},
  year       = {2006}
}

%% PIAGET, J. & INHELDER, B. A psicologia da criança. Rio de Janeiro, Bertrand Brasil, 1989.

@book{TOLEDOAndTOLEDO1997Didática,
  author    = {Toledo, Marília. and Toledo, Mauro},
  title     = {Didática da matemática},
  subtitle  = {como dois e dois, a construção da matemática},
  location  = {São Paulo},
  publisher = {FTD},
  year      = {1997}
}
