%% Contribuições do Software Geogebra para o ensino aprendizagem de função polinomial do 2° grau

%%%% self-reference
@article{SelfLeôncioAndSantos2021Contribuições,
  author  = {Leôncio, Sarah Mara Silva and Santos, Maria José Lima dos},
  title   = {Contribuições do Software Geogebra para o ensino aprendizagem de função polinomial do 2º grau},
  journal = {Revista Galo},
  number  = {4}
}


%%%% references

@article{ARAUJOAndSILVA2015GeoGebra,
  author   = {Araújo, Wellington Alves de and Silva, Veleira Anahida},
  title    = {O GeoGebra},
  subtitle = {uma experimentação na análise dos coeficientes de uma função afim},
  location = {Itabaiana},
  journal  = {Fórum Identidades},
  volume   = {17},
  number   = {17},
  year     = {2015}
}

@book{BALESTRI2016Matemática,
  author    = {Balestri, Rodrigo},
  title     = {Matemática},
  subtitle  = {interação e tecnologia},
  location  = {São Paulo},
  publisher = {Leya},
  edition   = {2},
  year      = {2016}
}

@book{BORBAAndPENTEADO2007Informática,
  author    = {Borba, Marcelo de Carvalho and Penteado, Miriam Godoy},
  title     = {Informática e Educação Matemática},
  location  = {Belo Horizonte},
  publisher = {Autêntica},
  year      = {2007}
}

@book{DocumentoInstitucional2016Base,
  author    = {Brasil},
  title     = {Base nacional comum curricular},
  location  = {Brasília},
  publisher = {MEC-Brasil},
  year      = {2016}
}

@book{DocumentoInstitucional2006Orientações,
  author    = {Brasil},
  title     = {Orientações curriculares para o Ensino Médio. Ciências da Natureza, Matemática e suas Tecnologias},
  location  = {Brasília},
  publisher = {MEC-Brasil},
  year      = {2006}
}

@book{DocumentoInstitucional2006Parâmetros,
  author    = {Brasil},
  title     = {Parâmetros Curriculares Nacionais (PCN+). Ciências da Natureza e suas Tecnologias},
  location  = {Brasília},
  publisher = {MEC-Brasil},
  year      = {2006}
}

@article{CARNEIROAndoAndPASSOS2014utilização,
  author   = {Carneiro, Reginaldo Fernando and Passos, Carmen Lucia Brancaglion},
  title    = {A utilização das Tecnologias da Informação e Comunicação nas aulas de Matemática},
  subtitle = {Limites e possibilidades},
  location = {São Carlos},
  journal  = {Reveduc},
  volume   = {8},
  number   = {2},
  year     = {2014}
}

@book{DANTE2016Matemática,
  author    = {Dante, Luiz Roberto},
  title     = {Matemática},
  subtitle  = {Contexto e Aplicações},
  location  = {São Paulo},
  publisher = {Ática},
  year      = {2016}
}

@misc{DocumentoInstitucional2017Escola,
  title   = {Escola Estadual Edgar Barbosa},
  urldate = {2017-12-03},
  url     = {http://www2.pibid.ufrn.br/subprojeto/biologia/pagina.php?c=2&a=escolas}
}

@inproceedings{LOPESAndOLIVEIRAAndAMORIM2013uso,
  author     = {Lopes, Maria Maroni and OLIVEIRA, Davidson Paulo Azevedo and AMORIM, Frank Vitor},
  title      = {O uso do Software GeoGebra como recurso didático na sala de aula de Matemática},
  eventtitle = {Congresso iberoamericano de educación matemática},
  number     = {7},
  venue      = {Montevideo},
  eventyear  = {2013},
  booktitle  = {Anais},
  location   = {Montevideo},
  year       = {2013},
  pages      = {7017--7024}
}

@article{REISAndOZDEMIR2010UsingGeogebra,
  author   = {Reis, Zerrin Ayvaz and Ozdemir, Sebnem},
  title    = {Using Geogebra as an information technology tool},
  subtitle = {parabola teaching},
  journal  = {Procedia - Social and Behavioral Sciences},
  volume   = {9},
  pages    = {565-572},
  year     = {2010}
}

@article{ROCHAAndPOFFALAndMENEGHETTI2015Utilização,
  author   = {Rocha, Lúcia Andréia de Souza and Poffal, Cristiana Andrade and Meneghetti, Cinthya Maria Schneider},
  title    = {A Utilização de Softwares no Ensino de Funções Quadráticas},
  location = {Santa Maria},
  journal  = {Ciências e Natureza},
  volume   = {37},
  number   = {3},
  year     = {2015}
}

@article{SHADAANAndEU2013Effec,
  author   = {Shadaan, Praveen and Eu, Leong Kawan},
  title    = {Effectiveness of Using Geogebra on Students' Understanding in Learning Circles},
  location = {País Malaysian},
  journal  = {Journal of Educacional technology},
  volume   = {1},
  number   = {4},
  year     = {2013},
  pages    = {1--11}
}
