%%%% self-reference
@article{SelfAngelico2021,
  author   = {Angélico, R. H. P.},
  title    = {O silêncio dos caboclos},
  subtitle = {notas sobre catimbozeiros perseguidos no Rio Grande do Norte},
  journal  = {Revista Galo},
  number   = {3}
}

%%%%% References

@book{Angelico2020Espiritualidade,
  author    = {Angélico, R. H. P.},
  title     = {Espiritualidade Indígena e Culto à Jurema no Rio Grande do Norte},
  edition   = {2},
  location  = {Natal},
  publisher = {Casa da cópia},
  year      = {2020}
}

@book{Assuncao2006Reino,
  author    = {Assunção, L.},
  title     = {O Reino dos Mestres},
  subtitle  = {a tradição da jurema na umbanda nordestina},
  location  = {Rio de Janeiro},
  publisher = {Pallas},
  year      = {2006}
}

@book{Cascudo1978Melagro,
  author    = {Cascudo, L. C.},
  title     = {Meleagro},
  subtitle  = {pesquisa do catimbó e notas da magia branca no Brasil},
  location  = {Rio de Janeiro},
  publisher = {Livraria Agir Editora},
  year      = {1978}
}

@book{Pompa2003Religiao,
  author    = {Pompa, C.},
  title     = {Religião como Tradução},
  subtitle  = {missionários, tupi e tapuia no Brasil colonial},
  location  = {São Paulo},
  publisher = {EDUSC},
  year      = {2003}
}

@book{Santiago1973Ritual,
  author    = {Santiago, S.},
  title     = {O Ritual Umbandista},
  subtitle  = {(breve contribuição para o estudo das causas naturais dos fenômenos ocultos)},
  location  = {Natal},
  publisher = {Fundação José Augusto},
  year      = {1973}
}

@book{Siqueira1978,
  author    = {Siqueira, B.},
  title     = {Os Cariris do Nordeste},
  location  = {Rio de Janeiro},
  publisher = {Livraria e Editora Cátedra},
  year      = {1978}
}
