%% A concepção de pais e responsáveis por crianças de dois e três anos acerca do brincar na Educação Infantil

%%%% self-reference
@article{SelfSilvaAndCâmara2021concepção,
  author  = {Silva, Erineide Andrea Machado Dantas da and Câmara, Tereza Cristina Bernardo da},
  title   = {A concepção de pais e responsáveis por crianças de dois e três anos acerca do brincar na Educação Infantil},
  journal = {Revista Galo},
  number  = {4}
}


%%%% references

@incollection{ANNING2005brincar,
  author    = {Anning, A.},
  title     = {O brincar e o currículo oficial. De volta ao básico},
  subtitle  = {uma visão alternativa},
  editor    = {Moyles, P.},
  booktitle = {A excelência do brincar},
  location  = {Porto Alegre},
  publisher = {Artmed},
  year      = {2005}
}

@misc{LDB1998,
  author   = {Brasil},
  title    = {Lei de Diretrizes e Bases da Educação Nacional},
  location = {Brasília},
  year     = {1998},
  options  = {noslsn=true}
}

@misc{RCN2001,
  author   = {Brasil},
  title    = {Referenciais Curriculares Nacionais para a Educação Infantil},
  location = {Brasília},
  year     = {2001},
  options  = {noslsn=true}
}

@misc{DCN2009,
  author   = {Brasil},
  title    = {Diretrizes Curriculares Nacionais para a Educação Infantil},
  location = {Brasília},
  year     = {2009},
  options  = {noslsn=true}
}

%% BaNacCurEF2017

@misc{MEC_SN_OQueVerificar,
  author  = {Brasil},
  title   = {O que verificar em relação à educação de sua criança se ela frequenta uma creche ou pré-escola},
  url     = {http://portal.mec.gov.br/index.php?option=com_content&view=article&id=247&ativo=285&Itemid=277},
  urldate = {2019-06-09}
}

@book{GERHARDTAndSILVEIRA2009Métodos,
  author    = {Gerhardt, Tatiana Engel and Silveira, Denise Tolfo},
  title     = {Métodos de Pesquisa},
  location  = {Porto Alegre},
  publisher = {Editora da UFRGS},
  year      = {2009}
}

@thesis{GONÇALVES2014Uma,
  author      = {Gonçalves, Maira Alves da Silva},
  title       = {Uma pesquisa descritiva quanto às tipologias de pesquisa adotada nos Trabalhos de Conclusão de Curso de Ciências Contábeis no Campus VI Monteiro, UEPB},
  type        = {TCC (Graduação em Ciências Contábeis)},
  institution = {Universidade Estadual da Paraíba},
  location    = {Monteiro},
  year        = {2014}
}

@book{HUIZINGA1990Homo,
  author    = {Huizinga, J.},
  title     = {Homo Ludens},
  location  = {São Paulo},
  publisher = {Perspectiva},
  year      = {1990}
}

@collection{KISHIMOTO1999Jogo,
  editor     = {Kishimoto, Tizuko M.},
  editortype = {organizer},
  title      = {Jogo, Brinquedo, Brincadeira e a Educação},
  location   = {São Paulo},
  publisher  = {Cortez},
  year       = {1999}
}

@collection{KISHIMOTO2002Brincar,
  editor     = {Kishimoto, Tizuko M.},
  editortype = {organizer},
  title      = {O Brincar e suas Teorias},
  location   = {São Paulo},
  publisher  = {Pioneira Thomson  Learning},
  year       = {2002}
}

@article{KISHIMOTO2009BrincarÉDiferente,
  author   = {Kishimoto, Tizuko M.},
  title    = {Tizuko Kishimoto, da USP: brincar é diferente de aprender},
  journal  = {Jornal do professor},
  number   = {18},
  location = {Brasília},
  year     = {2009},
  note     = {Entrevista concedida ao Jornal do Professor},
  url      = {http://portaldoprofessor.mec.gov.br/noticias.html?idEdicao=19&idCategoria=8},
  urldate  = {2018-11-11}
}

@book{MALUF2003Brincar,
  author    = {Maluf, Angela Cristina Munhoz},
  title     = {Brincar},
  subtitle  = {prazer e aprendizado},
  location  = {Petrópolis},
  publisher = {Vozes},
  year      = {2003}
}

@book{TOURRETTE2009Introdução,
  author    = {Tourrette, Catherine},
  title     = {Introdução à Psicologia do Desenvolvimento},
  subtitle  = {do nascimento à adolescência},
  location  = {Petrópolis},
  publisher = {Vozes},
  year      = {2009}
}
