%% A influência do lúdico no processo de aprendizagem na Educação Infantil

%%%% self-reference
@article{SelfSilvaAndSantos2021influência,
  author  = {Silva, Conceição de Maria Gomes da and Santos, Nednaldo Dantas dos},
  title   = {A influência do lúdico no processo de aprendizagem na Educação Infantil},
  journal = {Revista Galo},
  number  = {4}
}


%%%% references

@book{ANTUNES2004Educação,
  author    = {Antunes, C.},
  title     = {Educação Infantil},
  subtitle  = {Prioridade Imprescindível},
  location  = {Petrópolis},
  publisher = {Vozes},
  year      = {2004}
}

@book{ARIÈS1981História,
  author    = {Ariès, P.},
  title     = {História social da criança e da família},
  location  = {Rio de Janeiro},
  publisher = {Zahar Editores},
  year      = {1981}
}

@book{BACELAR2009Ludicidade,
  author    = {BACELAR, V. L. E.},
  title     = {Ludicidade e educação infantil},
  location  = {Salvador},
  publisher = {EDUFBA},
  year      = {2009}
}

% LDB1996

% RCNEI1998

% BaNacCurEF2017


@incollection{CANDA2004Aprender,
  author     = {Canda, C. N},
  title      = {Aprender e brincar é só começar},
  editor     = {Porto, B. de S.},
  editortype = {organizer},
  booktitle  = {Educação e ludicidade},
  location   = {Salvador},
  publisher  = {EDUFBA},
  year       = {2004},
  pages      = {123--140}
}

@collection{CARVALHO1992Brincadeira,
  editor     = {Carvalho, A. M. C.},
  editortype = {organizer},
  title      = {Brincadeira e cultura},
  subtitle   = {viajando pelo Brasil que brinca},
  location   = {São Paulo},
  publisher  = {Casa do Psicólogo},
  year       = {1992}
}

@article{DIDONET2001Creche,
  author   = {Didonet, Vital},
  title    = {Creche},
  subtitle = {a que veio... para onde vai...},
  location = {Brasília},
  journal  = {Em aberto},
  volume   = {18},
  number   = {73},
  year     = {2001},
  pages    = {11--27}
}

@book{HEYWOOD2004Uma,
  author    = {Heywood, C.},
  title     = {Uma história da infância},
  subtitle  = {da Idade Média à época contemporânea no Ocidente},
  location  = {Porto Alegre},
  publisher = {Artmed},
  year      = {2004}
}

@article{KUHNEAndSILVA2006corpos,
  author   = {Kuhne, R. and Silva, G.},
  title    = {Os corpos cansados dos que “pegam carrego”},
  location = {Rio de janeiro},
  journal  = {Arquivos em movimento},
  volume   = {2},
  number   = {1},
  year     = {2006},
  pages    = {39--54}
}

@incollection{LUCKESI2004Estados,
  author     = {Luckesi, C.},
  title      = {Estados de consciência e atividades lúdicas},
  editor     = {Porto, B. de S.},
  editortype = {organizer},
  booktitle  = {Educação e ludicidade},
  location   = {Salvador},
  publisher  = {EDUFBA},
  year       = {2004},
  pages      = {11--20}
}

@article{MODESTOAndRUBIO2014importância,
  author  = {MODESTO, M. C. and RUBIO, J. A. S},
  title   = {A importância da ludicidade na construção do conhecimento},
  journal = {Revista Eletrônica Saberes da Educação},
  volume  = {5},
  number  = {1},
  year    = {2014}
}

@collection{SOUZAAndMORAES2008Referenciais,
  editor     = {Sousa, M. F. do V. and Moraes, M. T. de},
  editortype = {organizer},
  title      = {Referenciais Curriculares para a educação infantil},
  location   = {Natal},
  publisher  = {Secretaria Municipal de Educação},
  year       = {2008}
}

@book{OLIVEIRA1998Vygotsky,
  author    = {Oliveira, M. K. O.},
  title     = {Vygotsky},
  subtitle  = {Aprendizado e desenvolvimento um processo sócio-histórico},
  location  = {São Paulo},
  publisher = {Scipione},
  year      = {1998}
}

% PASCHOALAndMACHADO2009história

@article{PEDROSA1996emergência,
  author   = {Pedrosa, M. I.},
  title    = {A emergência de significados entre as crianças nos anos iniciais de vida},
  location = {Recife},
  journal  = {Coletânea da ANPEPP},
  volume   = {1},
  number   = {4},
  year     = {1996},
  pages    = {49--67}
}

@incollection{PEREIRA2005Ludicidade,
  author       = {Pereira, L. H},
  title        = {Ludicidade},
  editor       = {Porto, B. de S.},
  editortype   = {organizer},
  subtitle     = {algumas reflexões},
  booktitle    = {Ludicidade},
  booksubtitle = {o que é mesmo isso?},
  location     = {SALVADOR},
  publisher    = {EDUFBA},
  year         = {2005}
}

@article{RIBEIRO2010afetividade,
  author   = {Ribeiro, M. L},
  title    = {A afetividade na relação educativa},
  location = {Campinas},
  journal  = {Estudos psicológicos},
  volume   = {27},
  number   = {3},
  year     = {2010},
  pages    = {403--412}
}

@thesis{SILVA2011Vivência,
  author      = {Silva, F. F. da},
  title       = {A vivência lúdica na prática da educação infantil},
  subtitle    = {dificuldades e possibilidades expressas no corpo da professora},
  type        = {Dissertação (mestrado em educação)},
  institution = {Universidade Federal de São João Del-Rei},
  location    = {São João Del-Rei},
  year        = {2011}
}

@inbook{VALSINER1988Ontogeny,
  author    = {Valsiner, J.},
  title     = {Ontogeny of co-construcion of culture within socially organized environmental settings},
  editor    = {Valsiner, J.},
  booktitle = {Child development within culturally structured environments},
  location  = {New Jersey},
  publisher = {Ablex Publishing Corporation},
  year      = {1988},
  pages     = {283--297}
}
