%% A utilização de modelos e analogias como estratégias de ensino e aprendizagem nas aulas de Química

%%%% self-reference
@article{SelfFonsecaAndBrito2021utilização,
  author  = {Fonseca, Keila Barbosa da and Brito, Lorena Gadelha de Freitas},
  title   = {A utilização de modelos e analogias como estratégias de ensino e aprendizagem nas aulas de Química},
  journal = {Revista Galo},
  number  = {4}
}


%%%% references

@book{AUSUBEL2000The,
  author    = {Ausubel, D. P.},
  title     = {The acquisition and retention of knowledge},
  subtitle  = {A cognitive view},
  location  = {Dordrecht},
  publisher = {Kluwer Academic Publishers},
  year      = {2000}
}

@article{CAAMAÑO2011Enseñar,
  author  = {Caamaño, A.},
  title   = {Enseñar química mediante la contextualización, la indagación y la modelización},
  journal = {Alambique},
  number  = {69},
  year    = {2011},
  pages   = {21--34}
}

@article{DUARTE2005Analogias,
  author   = {Duarte, M. da C.},
  title    = {Analogias na Educação em Ciências},
  subtitle = {Contributos e Desafios},
  location = {Porto Alegre},
  journal  = {Investigações em Ensino de Ciências},
  volume   = {1},
  number   = {10},
  year     = {2005}
}

@article{FERNANDEZAndMARCONDES2006Concepções,
  author  = {Fernandez, C. and Marcondes, M. E. R.},
  title   = {Concepções dos estudantes sobre ligação química},
  journal = {Nova na Escola},
  year    = {2006}
}

@book{FLICK2009Introdução,
  author    = {Flick, U.},
  title     = {Introdução à pesquisa qualitativa},
  location  = {Porto Alegre},
  publisher = {Artmed},
  year      = {2009}
}

@article{GALAGOVSKYAndADÚRIZBRAVO2001Modelos,
  author   = {Galagovsky, L. and Adúriz-Bravo, A.},
  title    = {Modelos e analogías en la enseñanza de las ciencias naturales},
  subtitle = {El concepto de modelo didáctico e analógico},
  journal  = {Enseñanza de las Ciencias},
  volume   = {19},
  number   = {2},
  year     = {2001},
  pages    = {231--242}
}

@article{GILBERT2004Models,
  author   = {Gilbert, J. K.},
  title    = {Models and Modelling},
  subtitle = {routes to more authentic science education},
  journal  = {Internacional Journal of Science and Mathematics Education},
  volume   = {2},
  year     = {2004},
  pages    = {115--130}
}

@article{HARRISONAndTREAGUST1993Teaching,
  author   = {Harrison, A. G. and Treagust, D. F.},
  title    = {Teaching with Analogies},
  subtitle = {A case Study in Grade-10 Optics},
  journal  = {Journal of Research in Science Teaching},
  volume   = {30},
  number   = {10},
  year     = {1993},
  pages    = {1291--1307}
}

@article{JUSTIAndGILBERT2002Science,
  author  = {Justi, R. S. and Gilbert, J. K},
  title   = {Science teacher´s knowledge about and attitudes towardsthe use of models and modelling in learning science},
  journal = {Internacional Journal Science Education},
  volume  = {24},
  number  = {12},
  year    = {2002},
  pages   = {1273--1292}
}

@article{JUSTI2006enseñanza,
  author   = {Justi, R. S.},
  title    = {La enseñanza de ciencias basada em la elaboración de modelos},
  location = {Barcelona},
  journal  = {Enseñanza de las Ciencias},
  volume   = {24},
  year     = {2006},
  pages    = {173--184}
}

@incollection{MACHADOAndMORTIMER2007Química,
  author     = {Machado, A. H. and Mortimer, E. F.},
  title      = {Química para o ensino médio},
  subtitle   = {fundamentos, pressupostos e o fazer cotidiano},
  editor     = {Zanon, L. B. and Maldaner, O. A.},
  editortype = {organizer},
  booktitle  = {Fundamentos e Propostas de Ensino de Química para a Educação Básica 12 no Brasil},
  location   = {Ijuí},
  publisher  = {Editora UNIJUÍ},
  year       = {2007},
  pages      = {21--41}
}

@thesis{MORAIS2007Recurso,
  author      = {Morais, C. M. V.},
  title       = {Recurso Multimédia “Moleculito”},
  subtitle    = {Exemplo de construção e avaliação no Ensino Básico},
  type        = {Dissertação (Mestrado em Química)},
  institution = {Universidade do Porto},
  location    = {Porto},
  year        = {2007}
}

@book{MORTIMER2000Linguagem,
  author    = {Mortimer, E. F.},
  title     = {Linguagem e formação de conceitos no ensino de ciências},
  location  = {Belo Horizonte},
  publisher = {EDUFMG},
  year      = {2000}
}


@article{MORTIMER2002Atividade,
  author   = {Mortimer, E. F.},
  title    = {Atividade discursiva nas salas de aula de Ciências},
  subtitle = {uma ferramenta sociocultural para analisar e planejar o ensino},
  journal  = {Investigações em Ensino de Ciências},
  volume   = {7},
  number   = {3},
  year     = {2002},
  pages    = {1--26}
}

@article{NOVAK1991Ayudar,
  author   = {Novak, J. D.},
  title    = {Ayudar a los alumnos a aprender como aprender},
  subtitle = {la opinión de un professorinvestigador},
  location = {Barcelona},
  journal  = {Enseñanza de las Ciencias},
  volume   = {9},
  number   = {3},
  year     = {1991},
  pages    = {215--227}
}

@inproceedings{NUNESAndFERRAZDAndJUSTINA2007Estudos,
  author       = {Nunes, R. R. and Ferraz, D. F. and Justina, L. D. A.},
  title        = {Estudos relativos a analogias no ensino de ciências},
  eventtitle   = {Encontro Nacional de Pesquisa em Educação em Ciência --- EMPEC},
  number       = {6},
  venue        = {Florianópolis},
  eventyear    = {2007},
  booksubtitle = {Anais},
  location     = {Florianópolis},
  year         = {2007}
}

@book{ZABALA1998prática,
  author    = {Zabala, A.},
  title     = {A prática educativa},
  subtitle  = {como ensinar},
  location  = {Porto Alegre},
  publisher = {Artmed},
  year      = {1998}
}
