%% frentes de trabalho

%%%% self-reference
@article{SelfSilva2021,
  author   = {Silva, J. P. L.},
  title    = {Frentes de trabalho e ligas camponesas},
  subtitle = {movimentos populares, conflitos e sobrevivência (1960--1976)},
  journal  = {Revista Galo},
  number   = {3}
}

%%%% references

@thesis{Barros2017Pobreza,
  author      = {Barros, V. G. G.},
  title       = {A pobreza como estopim da revolução},
  subtitle    = {análises sobre a atuação da Aliança Para o Progresso em Pernambuco (1959--1964)},
  type        = {Dissertação (Mestrado em História)},
  institution = {Universidade Federal de Pernambuco},
  address     = {Recife},
  year        = {2017}
}

@book{Black2009Penetracao,
  author    = {Black, J. K.},
  title     = {A Penetração dos Estados Unidos no Brasil},
  location  = {Recife},
  publisher = {Massangana},
  year      = {2009}
}

@book{Castro1975Sete,
  author    = {Castro, J.},
  title     = {Sete palmos de terra e um caixão},
  location  = {Lisboa},
  publisher = {Seara Nova},
  year      = {1975}
}

@book{Duarte2002Seca,
  editor     = {Duarte, R. S.},
  editortype = {organizer},
  title      = {A seca de 1958},
  subtitle   = {uma avaliação pelo ETENE},
  location   = {Fortaleza and Recife},
  publisher  = {Banco do Nordeste and Fundação Joaquim Nabuco},
  year       = {2002},
  series     = {Série Estudos sobre as Secas no Nordeste},
  volume     = {1}
}

@book{Foucault2012Ordem,
  author     = {Foucault, M.},
  title      = {A ordem do discurso},
  subtitle   = {aula inaugural no Collège de France, pronunciada em 2 de dezembro de 1970},
  translator = {Laura Fraga de Almeida Sampaio},
  location   = {São Paulo},
  publisher  = {Loyola},
  year       = {2012}
}

@book{Furtado1985Fantasia,
  author    = {Furtado, C.},
  title     = {A fantasia organizada},
  location  = {Rio de Janeiro},
  publisher = {Paz e Terra},
  year      = {1985}
}

@incollection{Hobsbawm1984Producao,
  author     = {Hobsbawm, E.},
  title      = {A produção em massa de tradições},
  subtitle   = {Europa, 1870 a 1914},
  booktitle  = {A invenção das tradições},
  editor     = {Hobsbawm, E. and Ranger, T.},
  editortype = {organizer},
  location   = {Rio de Janeiro},
  publisher  = {Paz e Terra},
  year       = {1984}
}

@thesis{Natividade2018Alianca,
  author      = {Natividade, M. M.},
  title       = {A Aliança para o Progresso no Brasil},
  subtitle    = {influência estadunidense na educação e pesquisa para o campo (1961--1970)},
  type        = {Tese (Doutorado em História)},
  institution = {Universidade Federal Fluminense},
  address     = {Niterói},
  year        = {2018}
}

@book{Page1972Revolucao,
  author    = {Page, J.},
  title     = {A Revolução que nunca houve},
  subtitle  = {o Nordeste do Brasil (1955--1964)},
  location  = {Rio de Janeiro},
  publisher = {Record},
  year      = {1972}
}

@thesis{Pereira2005Criar,
  author      = {Pereira, H. A. A. R.},
  title       = {Criar ilhas de sanidade},
  subtitle    = {os Estados Unidos e a Aliança para o Progresso no Brasil (1961--1966)},
  type        = {Tese (Doutorado em História)},
  institution = {Pontifícia Universidade Católica},
  address     = {São Paulo},
  year        = {2005}
}

@inproceedings{Pereira2007Estados,
  author     = {Pereira, H. A. A. R.},
  title      = {Os Estados Unidos e a Aliança para o Progresso no Brasil},
  eventtitle = {Simpósio Nacional de História},
  number     = {24},
  venue      = {São Leopoldo, RS},
  eventyear  = {2007},
  booktitle  = {Anais},
  location   = {São Leopoldo, RS},
  publisher  = {Unisinos},
  year       = {2007},
  url        = {https://anpuh.org.br/uploads/anais-simposios/pdf/2019-01/1548210562_6e029caab2e80377151564eb23c49db4.pdf}
}

@incollection{Thompson2001Historia,
  author     = {Thompson, E. P.},
  title      = {A história vista de baixo},
  subtitle   = {folclore, antropologia e história social},
  booktitle  = {As Peculiaridades dos Ingleses e outros artigos},
  editor     = {Negro, A. L.; Silva, S.},
  editortype = {organizer},
  location   = {Campinas},
  publisher  = {Unicamp},
  year       = {2001}
}

% news papers

@article{OperacaoSaque1967,
  title        = {Operação saque},
  journal      = {Diário de Natal},
  location     = {Natal},
  pages        = {10},
  date         = {1967-01-24},
  entrysubtype = {newspaper}
}

@article{SudenoComecou1970,
  title        = {Sudene começou dispensas nas ``frentes de trabalho''},
  journal      = {Diário de Natal},
  location     = {Natal},
  pages        = {4},
  date         = {1970-11-19},
  entrysubtype = {newspaper}
}

@article{SemAnormalidades1971,
  title        = {Sem{ }anormalidades, frentes de trabalho foram extintas.},
  journal      = {Diário de Natal},
  location     = {Natal},
  date         = {1971-04-16},
  pages        = {1},
  entrysubtype = {newspaper}
}

@misc{RelatorioDNOC1976,
  title = {Relatóriodo Departamento Nacional de Obras Contra as Secas (DNOCS)},
  year  = {1976},
  note  = {Arquivo da Paróquia da Diocese de Caicó}
}

@movie{TroubledLand1961,
  title        = {The{ }troubled land. Produção e direção de Helen Jean Rogers},
  sorttitle    = {Troubled land, The},
  location     = {Recife},
  publisher    = {ABC Studios},
  year         = {1961},
  entrysubtype = {documentary movie}
}


%% extra

@book{Bueno2016Minidicionario,
  author    = {Bueno, S.},
  title     = {Minidicionário da língua portuguesa},
  edition   = {3},
  location  = {São Paulo},
  publisher = {FTD},
  year      = {2016}
}

