%% A alfabetização cartográfica nos livros didáticos de Geografia utilizados na Educação de Jovens e Adultos

%%%% self-reference
@article{SelfDoliveiraAndSilva2021alfabetização,
  author   = {D'oliveira, Fábio and Silva, Erineide da Costa e},
  title    = {A alfabetização cartográfica nos livros didáticos de Geografia utilizados na Educação de Jovens e Adultos},
  subtitle = {estudo de caso},
  journal  = {Revista Galo},
  number   = {4}
}


%%%% references

@misc{ParâmetrosCurricularesGeografia2001,
  author    = {Brasil},
  publisher = {MEC},
  title     = {Parâmetros Curriculares Nacionais},
  subtitle  = {Geografia / Secretaria de Educação Fundamental},
  location  = {Brasília},
  year      = {2001},
  options   = {repeattitles}
}

@book{ALMEIDA2007Cartografia,
  author    = {Almeida, Rosângela Doin de},
  title     = {Cartografia escolar},
  location  = {São Paulo},
  publisher = {Contexto},
  year      = {2007}
}

@book{ALMEIDA2011Novos,
  author    = {ALMEIDA, Rosângela Doin de},
  title     = {Novos Rumos da Cartografia Escolar},
  subtitle  = {currículo, linguagem e tecnologia},
  location  = {São Paulo},
  publisher = {Contexto},
  year      = {2011}
}

@collection{REGOAndCastrogiovanniAndKaercher2007Geografia,
  editor     = {Rego, Nelson and Castrogiovanni, Antonio Carlos and Kaercher, Nestor André},
  editortype = {organizer},
  title      = {Geografia práticas pedagógicas para o Ensino Médio},
  location   = {Porto Alegra},
  publisher  = {Artmed},
  year       = {2007}
}

@article{ROSSETTI2013Andragogia,
  author   = {ROSSETTI, Carmem Maria Sant'anna},
  title    = {Andragogia},
  subtitle = {modelo de facilitação de aprendizagem de adultos},
  journal  = {SBDG},
  number   = {6},
  year     = {2013}
}

@inproceedings{SILVAAndSILVA2009abordagem,
  author     = {Silva, Erineide da Costa e and Silva, Nubelia Moreira da},
  title      = {A abordagem do espaço rural nos livros didáticos de geografia do Ensino Médio},
  eventtitle = {Encontro nacional de prática de ensino em Geografia},
  number     = {10},
  venue      = {Porto Alegre},
  eventyear  = {2009},
  booktitle  = {Anais},
  location   = {Porto Alegre},
  year       = {2009},
}

@book{TEIXEIRA2013Caminhar,
  author    = {Teixeira, Maria Angélica Tozarini},
  title     = {Caminhar e transformar},
  subtitle  = {Geografia, anos finais do Ensino Fundamental, Educação de Jovens e Adultos},
  location  = {São Paulo},
  publisher = {FTD},
  year      = {2013}
}
