%% A importância do Espaço Escolar para o ensino-aprendizagem a luz de um estudo de caso

%%%% self-reference
@article{SelfPauloAndNeto2021importância,
  author  = {Paulo, Ângela Maria and {Hora Neto}, José Avelino},
  title   = {A importância do Espaço Escolar para o ensino-aprendizagem a luz de um estudo de caso},
  journal = {Revista Galo},
  number  = {4}
}


%%%% references

@book{APPLE1992The,
  author   = {Apple, Michael W.},
  title    = {The John Dewey Lecture},
  location = {São Francisco},
  year     = {1992}
}

@book{BEISIEGEL2010Paulo,
  author    = {Beisiegel, Celso de Rui},
  title     = {Paulo Freire},
  location  = {Recife},
  publisher = {Fundação Joaquim Nabuco --- Editora Massangana},
  year      = {2010}
}

@book{CAMARGO2012Psicologia,
  author    = {Camargo, Denise de},
  title     = {Psicologia Organizacional},
  location  = {Florianópolis},
  publisher = {Departamento de Ciências da Administração},
  year      = {2012}
}

@book{CARPINTEROAndALMEIDA2009Teorias,
  author    = {Carpintero, Antônio Carlos and Almeida, Jaime Gonçalves},
  title     = {Teorias do espaço escolar},
  location  = {Brasília},
  publisher = {EDUNB},
  year      = {2009}
}

@article{DÓREA2013Arquitetura,
  author   = {Dórea, C. R. D},
  title    = {A Arquitetura escolar como objeto de pesquisa em História da Educação},
  location = {Curitiba},
  journal  = {Educar em Revista},
  number   = {49},
  year     = {2013},
  pages    = {161--181}
}

@thesis{HORANETO2015Dinâmica,
  author      = {{Hora Neto}, José Avelino},
  title       = {Dinâmica de expansão urbana de Ceará-Mirim-RN},
  subtitle    = {aspectos locais e metropolitanos?},
  type        = {Dissertação (Mestrado em Estudos Urbanos e Regionais)},
  institution = {UFRN},
  location    = {Natal},
  year        = {2015}
}

@book{LAVILLEAndDIONNE1999construção,
  author    = {Laville, C. and Dionne, J.},
  title     = {A construção do saber},
  subtitle  = {manual de metodologia da pesquisa em ciências humanas},
  location  = {Porto Alegre and Belo Horizonte},
  publisher = {Artmed and Editora UFMG},
  year      = {1999}
}

@book{LIBÂNEO2015Organização,
  author    = {Libâneo, José Carlos},
  title     = {Organização e gestão da escola},
  subtitle  = {teoria e prática},
  location  = {São Paulo},
  publisher = {Heccus Editora},
  year      = {2015}
}

@book{LÜCK2011Gestão,
  author    = {Lück, Heloísa},
  title     = {Gestão da cultura e do clima organizacional da escola},
  location  = {Petrópolis},
  publisher = {Vozes},
  year      = {2011}
}

@article{MONTOITOAndLEIVAS2012Representação,
  author   = {Montoito, R. and Leivas, C. P.},
  title    = {A Representação do Espaço na Criança, segundo Piaget},
  subtitle = {Os processos mentais que a conduzem à formação da noção do espaço euclidiano},
  location = {Santa Maria},
  journal  = {VIDYA},
  volume   = {32},
  number   = {2},
  year     = {2012},
  pages    = {21--35}
}

@misc{PPPEscEstTiradentes,
  title = {Projeto Político-Pedagógico da Escola Estadual Tiradentes}
}

@book{SACK1986Human,
  author    = {Sack, Robert David},
  title     = {Human territoriality},
  subtitle  = {Its theory and history},
  location  = {Cambridge},
  publisher = {Cambridge university press},
  year      = {1986}
}

@book{SANTOS2014Espaço,
  author    = {Santos, Milton},
  title     = {O Espaço do Cidadão},
  location  = {São Paulo},
  publisher = {EDUSP},
  year      = {2014}
}

@book{PARO2016Gestão,
  author    = {Paro, Vitor Henrique},
  title     = {Gestão Democrática da Escola Pública},
  location  = {São Paulo},
  publisher = {Cortez},
  year      = {2016}
}

%%

@article{TEIXEIRA1934Problema,
  author   = {Teixeira, Anísio Spínola},
  journal  = {Jornal do Commercio},
  title    = {O problema do prédio escolar},
  location = {Rio de Janeiro},
  pages    = {5--6},
  date     = {1934-03-30}
}

