%%%% self-reference
@article{SelfSutili2021,
  author   = {Sutili, V. A. R.},
  title    = {Dispositivo moda},
  subtitle = {a roupa em processos artísticos contemporâneos},
  journal  = {Revista Galo},
  number   = {3}
}

%%%%% References

@article{Bell2015New,
  author   = {Bell, K.},
  title    = {New Yarns},
  location = {Londres},
  journal  = {Tate Museum},
  year     = {2015},
  url      = {http://www.tate.org.uk/context-comment/articles/new-yarns},
  urldate  = {2020-09-28}
}

@book{CastilhoAndMartins2005Discursos,
  author    = {Castilho, K. and Martins, M. M.},
  title     = {Discursos da moda},
  subtitle  = {semiótica, design e corpo},
  location  = {São Paulo},
  publisher = {Editora Anhembi Morumbi},
  year      = {2005}
}

@book{Costa2009Roupa,
  author    = {Costa, C. T.},
  title     = {Ropa de artista},
  subtitle  = {o vestuário na obra de arte},
  location  = {São Paulo},
  publisher = {Imprensa Oficial do Estado de São Paulo and Edusp},
  year      = {2009}
}

@inbook{Deleuze1990Que,
  author     = {Deleuze, G.},
  title      = {¿Que és um dispositivo?},
  translator = {Wanderson Flor do Nascimento},
  booktitle  = {Michel Foucault, filósofo},
  bookauthor = {Deleuze, G.},
  pages      = {155--161},
  location   = {Barcelona},
  publisher  = {Gedisa},
  year       = {1990}
}

@article{Pires2014Ficha,
  author   = {Pires, G.},
  title    = {Ficha técnica da moda},
  subtitle = {da modelagem à produção},
  journal  = {Audaces},
  year     = {2014},
  url      = {https://www.audaces.com/ficha-tecnica-de-moda-da-modelagem-a-producao},
  urldate  = {2020-09-28}
}

@book{Foucault1979Microfisica,
  author    = {Foucault, M.},
  title     = {Microfísica do poder},
  location  = {Rio de Janeiro},
  publisher = {Edições Graal},
  year      = {1979}
}

@book{key,
  author    = {},
  editor    = {},
  title     = {},
  publisher = {},
  year      = {}
}

%% Lipovetsky1989Imperio

@book{Mendonca2006Reflexo,
  author    = {Mendonça, M. C. M. M.},
  title     = {O Reflexo no Espelho},
  subtitle  = {o vestuário e a moda como linguagem artística e simbólica},
  location  = {Goiânia},
  publisher = {UFG},
  year      = {2006}
}

@book{key,
  author    = {},
  editor    = {},
  title     = {},
  publisher = {},
  year      = {}
}

@inproceedings{Pereira2012Memorias,
  author     = {Pereira, H. A.},
  title      = {Memórias de Nazareth Pacheco},
  subtitle   = {do corpo à obra},
  eventtitle = {Congresso Internacional da Associação de Pesquisadores em Crítica Genética},
  number     = {10},
  venue      = {Porto Alegre},
  eventyear  = {2010},
  booktitle  = {Anais},
  location   = {Porto Alegre},
  publisher  = {PUCRS},
  year       = {2012},
  url        = {https://ebooks.pucrs.br/edipucrs/anais/apcg/edicao10/Hiascara.Alves.pdf},
  urldate    = {2020-09-28}
}

@book{Rago2013Aventura,
  author    = {Rago, M.},
  title     = {A aventura de contar-se},
  subtitle  = {feminismos, escrita de si e invenções da subjetividade},
  location  = {Campinas, SP},
  publisher = {Unicamp},
  year      = {2013}
}

@article{Santos2020Analise,
  author   = {Santos, H. H. O.},
  title    = {uma análise teórico-política decolonial sobre o conceito de moda e seus usos},
  journal  = {Modapalavra},
  volume   = {13},
  number   = {28},
  year     = {2020},
  location = {Florianópolis},
  pages    = {164--190}
}
