%% Matemática na arte: Uma Proposta Interdisciplinar para o Ensino de Geometria

%%%% self-reference
@article{SelfMeloAndCardoso2021Matemática,
  author   = {Melo, Charles Ricardo Lemos de and Cardoso, Wguineuma Pereira Avelino},
  title    = {Matemática na arte},
  subtitle = {uma proposta interdisciplinar para o ensino de geometria},
  journal  = {Revista Galo},
  number   = {4}
}


%%%% references

@article{ALBUQUERQUE2017Geometria,
  author   = {Albuquerque, Erenilda Severina da Conceição},
  title    = {Geometria e Arte},
  subtitle = {Uma proposta metodológica para o ensino de geometria no sexto ano},
  location = {Maceió},
  year     = {2017}
}

@incollection{ALVES2008Interdisciplinaridade,
  author     = {Alves, Adriana},
  title      = {Interdisciplinaridade e matemática},
  booktitle  = {O que é interdisciplinaridade?},
  editor     = {Fazenda, Ivani Catarina Arantes},
  editortype = {organizer},
  location   = {São Paulo},
  publisher  = {Cortez},
  year       = {2008}
}

@thesis{ARAÚJO2008Ponto,
  author      = {Araújo, Denise Camargo Alves de},
  title       = {Ponto, Linha e Forma},
  subtitle    = {Interdisciplinaridade entre Matemática e Arte},
  type        = {Dissertação (mestrado em artes)},
  institution = {Universidade Presbiteriana Mackenzie},
  location    = {São Paulo},
  year        = {2008}
}

@book{BOGDANAndBIKLEN1994Investigação,
  author    = {Bogdan, Roberto C. and Biklen, Sari Knopp},
  title     = {Investigação qualitativa em educação},
  location  = {Porto},
  publisher = {Porto Editora},
  year      = {1994}
}

@misc{ParâmetrosCurricularesMatematica1998,
  author    = {Brasil},
  publisher = {MEC},
  title     = {Parâmetros Curriculares Nacionais},
  subtitle  = {matemática},
  location  = {Brasília},
  year      = {1998},
  options   = {repeattitles}
}

@misc{ParâmetrosCurricularesMatematica2000,
  author    = {Brasil},
  publisher = {MEC},
  title     = {Parâmetros Curriculares Nacionais},
  subtitle  = {matemática},
  location  = {Brasília},
  year      = {2000},
  options   = {repeattitles}
}

@article{CONTIEROAndGRAVINA2011Modelagem,
  author   = {Contiero, Lucas de Oliveira and Gravina, Maria Alice},
  title    = {Modelagem com o Geogebra},
  subtitle = {uma possibilidade para a educação interdisciplinar?},
  journal  = {Revista Novas Tecnologias na Educação},
  volume   = {9},
  number   = {1},
  year     = {2011}
}

@book{FAZENDA2011Integração,
  author    = {Fazenda, Ivani Catarina Arantes},
  title     = {Integração e interdisciplinaridade no ensino brasileiro},
  subtitle  = {Efetividade ou ideologia},
  location  = {São Paulo},
  publisher = {Loyola},
  year      = {2011}
}

@article{LAURO2008Discutindo,
  author   = {Lauro, M. M.},
  title    = {Discutindo o ensino de geometria},
  subtitle = {uma proposta para o ensino dos poliedros regulares},
  location = {São Paulo},
  journal  = {Dialogia},
  volume   = {7},
  number   = {2},
  year     = {2008},
  pages    = {177--188}
}

@book{LAVILLEAndDIONES1999Construção,
  author    = {Laville, Cristian and Diones, Jean},
  title     = {A Construção do Saber},
  subtitle  = {Manual de Metodologia da Pesquisa em Ciências Humanas},
  location  = {Porto Alegre},
  publisher = {Artmed},
  year      = {1999}
}

@thesis{PEREIRA2016Arte,
  author      = {Pereira, Paulo Roberto Rocha},
  title       = {Arte e Geometria},
  subtitle    = {Emoção versus razão uma experiência de aprendizagem no ensino fundamental},
  type        = {Trabalho de conclusão de curso (licenciatura em artes visuais)},
  institution = {Universidade Federal do Rio Grande do Sul},
  location    = {Porto Alegre},
  year        = {2016}
}

@book{RÊGOAndRÊGOAndKLEBER2012Laboratório,
  author    = {Rêgo, Rogéria G. do and Rêgo, Rômulo Marinho do and Vieira, Kleber Mendes},
  title     = {Laboratório de ensino de Geometria},
  location  = {Campinas},
  publisher = {Autores Associados},
  year      = {2012}
}

@misc{WIKIARTEnciclopédia,
  author  = {Wikiart},
  title   = {Enciclopédia de Artes Visuais},
  url     = {https://www.wikiart.org/pt/popular-artists/text-list},
  urldate = {2019-08-19},
  options = {noslsn=true}
}
