%%%% self-reference
@article{SelfBraga2021,
  author   = {Braga, B. M.},
  title    = {Sair da pirâmide e conhecer Além-Nilo},
  subtitle = {Ensino de história do Egito Antigo na Educação Básica},
  journal  = {Revista Galo},
  number   = {3}
}

%%%%% References

@book{Bloch2001Apologia,
  author     = {Bloch, M.},
  translator = {André Telles},
  title      = {Apologia da História ou o Ofício de Historiador},
  location   = {Rio de Janeiro},
  publisher  = {Jorge Zahar Ed.},
  year       = {2001}
}

@book{Braudel1990Historia,
  author    = {Braudel, F.},
  title     = {História e ciências sociais},
  edition   = {6},
  location  = {Lisboa},
  publisher = {Editorial Presença},
  year      = {1990}
}

@book{Cardoso2004Egito,
  author    = {Cardoso, C. F.},
  title     = {O Egito Antigo},
  location  = {São Paulo},
  publisher = {Brasiliense},
  year      = {2004}
}

@book{FunariAndCarvalho2015Palmares,
  author    = {Funari, P. P. A. and Carvalho, A. V.},
  title     = {Palmares, ontem e hoje},
  location  = {Rio de Janeiro},
  publisher = {Jorge Zahar Editor},
  year      = {2015}
}


@book{Guarinello2013Historia,
  author    = {Guarinello, N. L.},
  title     = {História Antiga},
  location  = {São Paulo},
  publisher = {Contexto},
  year      = {2013}
}

@book{Herodoto2016Euterpe,
  author     = {Heródoto},
  title      = {Histórias, Livro II - Euterpe},
  translator = {Maria Aparecida de Oliveira Silva},
  location   = {São Paulo},
  publisher  = {Edipro},
  year       = {2016}
}

@article{Presse2018Tumba,
  title   = {Tumba de 4 mil anos é descoberta no Egito},
  journal = {G1},
  date    = {2018-12-15},
  url     = {https://g1.globo.com/mundo/noticia/2018/12/15/tumba-de-4-mil-anos-e-descoberta-no-egito.ghtml}
}

@article{Ribeiro2009Sincronia,
  author   = {Ribeiro, J. E.},
  title    = {Da sincronia à diacronia},
  subtitle = {os ``Três Tempos'' da ``História Total'' de Braudel a partir de um diálogo com Levi-Strauss},
  journal  = {OPSIS},
  volume   = {9},
  number   = {12},
  year     = {2009}
}

@inproceedings{SilvaAndGoncalves2015Ensino,
  author     = {Silva, L. L. T. and Gonçalves, J. W.},
  title      = {O Ensino de História Antiga},
  subtitle   = {algumas reflexões},
  eventtitle = {Simpósio Nacional de História},
  number     = {28},
  venue      = {Florianópolis},
  volume     = {28},
  eventyear  = {2015},
  booktitle  = {Anais},
  location   = {Florianópolis},
  publisher  = {ANPUH},
  year       = {2015}
}

@incollection{Silva2014Sorriso,
  author       = {Silva, T. R.},
  title        = {O sorriso da esfinge},
  subtitle     = {reflexões sobre o ensino do Egito antigo no Brasil},
  booktitle    = {O Egito Antigo},
  booksubtitle = {novas contribuições brasileiras},
  editor       = {Lemos, R. S.},
  editortype   = {organizer},
  location     = {Rio de Janeiro},
  publisher    = {Multifoco},
  year         = {2014}
}
