%%%% self-reference
@article{SelfCosta2021,
  author   = {Costa, B. B. A.},
  title    = {Comemorar a posse de Thomaz de Araújo},
  subtitle = {a construção de um lugar para o Seridó na memória histórica do Rio Grande do Norte},
  journal  = {Revista Galo},
  number   = {3}
}

%%%%% References

@article{EstatutosIHGRN1903,
  title    = {Estatutos do Instituto Historico e Geographico do Rio Grande do Norte},
  journal  = {Revista do Instituto Histórico e Geográfico do Rio Grande do Norte},
  location = {Natal},
  volume   = {1},
  number   = {1},
  year     = {1903}
}

@article{ActaSessao1925,
  title    = {Acta da sessão extraordinaria do Instituto Historico e Geographico do Rio Grande do Norte},
  journal  = {Revista do Instituto Histórico e Geográfico do Rio Grande do Norte},
  location = {Natal},
  volume   = {20--22},
  year     = {1923--1925}
}

@article{Lyra1907Notas,
  author   = {Lyra, A. T.},
  title    = {Algumas notas sobre a história política do Rio Grande do Norte},
  journal  = {Revista do Instituto Histórico e Geográfico do Rio Grande do Norte},
  location = {Natal},
  volume   = {5},
  number   = {2},
  year     = {1907}
}

@book{Lyra1921Historia,
  author    = {Lyra, A. T.},
  title     = {História do Rio Grande do Norte},
  location  = {Rio de Janeiro},
  publisher = {Tipografia Leuzinger},
  year      = {1921}
}

@article{DiscursoManoealDantas,
  title    = {Discurso pronunciado pelo dr. Manoel Dantas, orador do Instituto Historico, na sessão magna de 11 de maio de 1924},
  journal  = {Revista do Instituto Histórico e Geográfico do Rio Grande do Norte},
  location = {Natal},
  volume   = {20--22},
  year     = {1923--1925}
}

@article{CentPosseTAPereira,
  title     = {O{ }1º{ }Centenario da posse do Thomaz de Araujo Pereira},
  sorttitle = {Primeiro Centenario da posse},
  journal   = {Revista do Instituto Histórico e Geográfico do Rio Grande do Norte},
  location  = {Natal},
  volume    = {20--22},
  year      = {1923--1925}
}

@book{AlbuquerqueJr2013Nordestino,
  author    = {Albuquerque{ }Jr, D. M.},
  title     = {Nordestino},
  subtitle  = {uma invenção do ``falo'' --- uma história do gênero masculino (1920--1940)},
  edition   = {2},
  location  = {São Paulo},
  publisher = {Intermeios},
  year      = {2013}
}

@book{Bueno2002Visoes,
  author    = {Bueno, A. C.},
  title     = {Visões de República},
  subtitle  = {idéias e práticas políticas no Rio Grande do Norte (1880--1895)},
  location  = {Natal},
  publisher = {EDUFRN},
  year      = {2002}
}

%% Carvalho1990Formacao

@book{Spinelli2010Coroneis,
  author    = {Spinelli, J. A.},
  title     = {Coronéis e Oligarquias no Rio Grande do Norte},
  subtitle  = {(Primeira República) e outros estudos},
  location  = {Natal},
  publisher = {EDUFRN},
  year      = {2010}
}

@thesis{Costa2017Casa,
  title       = {``A casa da memória norte-rio-grandense''},
  subtitle    = {o IHGRN e a construção do lugar do Rio Grande do Norte na memória nacional (1902--1927)},
  author      = {Costa, B. B. A.},
  year        = 2017,
  address     = {Porto Alegre},
  type        = {Tese (Doutorado em História)},
  institution = {Universidade Federal do Rio Grande do Sul}
}

@book{Enders2014Vultos,
  author    = {Enders, A.},
  title     = {Os vultos da nação},
  subtitle  = {fábrica de heróis e formação dos brasileiros},
  location  = {Rio de Janeiro},
  publisher = {FGV},
  year      = {2014}
}

@book{Sandes2000Invencao,
  author    = {Sandes, N. F.},
  title     = {A invenção da nação},
  subtitle  = {entre a monarquia e a república},
  location  = {Goiânia},
  publisher = {UFG and Agência Goiana de Cultura Pedro Ludovico Teixeira},
  year      = {2000}
}

@book{Macedo2012Penultima,
  author    = {Macedo, M. K.},
  title     = {A penúltima versão do Seridó},
  subtitle  = {uma história do regionalismo seridoense},
  location  = {Natal and Campina Grande},
  publisher = {EDUFRN and EDUEPB},
  year      = {2012}
}

@thesis{MedeirosNeta2007Serido,
  title       = {Ser (Tão) Seridó em suas cartografias espaciais},
  author      = {Medeiros{ }Neta, O. M.},
  year        = 2007,
  address     = {Natal},
  type        = {Dissertação (Mestrado em História)},
  institution = {Universidade Federal do Rio Grande do Norte}
}

@inbook{Peixoto2012Especialidades,
  title        = {Espacialidades e estratégias de produção identitária no Rio Grande do Norte no início do século XX},
  author       = {Peixoto, R. A.},
  year         = 2012,
  booktitle    = {Nas trilhas da representação},
  booksubtitle = {trabalhos sobre a relação entre história, poder e espaços},
  publisher    = {EDUFRN},
  address      = {Natal},
  editor       = {Peixoto, R. A.},
  editortype   = {organizer}
}

@book{Ricoeur2007Memoria,
  author    = {Ricœur, P.},
  title     = {A memória, a história, o esquecimento},
  location  = {Campinas},
  publisher = {Unicamp},
  year      = {2007}
}

@article{Rodrigues2013Releitura,
  author   = {Rodrigues, M. C. M.},
  title    = {A releitura do passado farroupilha no IHGB (1921--1935)},
  subtitle = {memória republicana e legitimidades intelectuais},
  journal  = {Revista Tempo},
  volume   = {19},
  number   = {35},
  year     = {2013}
}

@book{Souza2008Republica,
  author    = {Souza, I.},
  title     = {A República velha no Rio Grande do Norte: 1889--1930},
  location  = {Natal},
  publisher = {EDUFRN},
  year      = {2008}
}

@book{Spinelli1996Getulio,
  author    = {Spinelli, J. A.},
  title     = {Getúlio Vargas e a oligarquia potiguar: 1930--1935},
  location  = {Natal},
  publisher = {EDUFRN},
  year      = {1996}
}
