%% Uma reflexão diante do pedagogo empresarial como gestor da ouvidoria

%%%% self-reference
@article{SelfCavalcanteAndQueirozAndesde2021Uma,
  author  = {Cavalcante, Tâmara Maria Soares de Medeiros de and Queiroz, Ilsa Fernandes de},
  title   = {Uma reflexão diante do pedagogo empresarial como gestor da ouvidoria},
  journal = {Revista Galo},
  number  = {4}
}


%%%% references

@misc{Resolucao4433-2015,
  author   = {{Banco central do Brasil}},
  title    = {Resolução nº 4.433},
  subtitle = {Dispõe sobre a constituição e o funcionamento de componente organizacional de ouvidoria pelas instituições financeiras e demais instituições autorizadas a funcionar pelo Banco Central do Brasil},
  location = {Brasília},
  year     = {2015},
  options  = {noslsn=true}
}

@thesis{BASTOS2008política,
  author      = {Bastos, Vitor Hugo Möller},
  title       = {A política de designação de funções gratificadas no tribunal de contas do estado e sua inserção na nova gestão pública},
  type        = {Monografia (Especialização em Gestão Pública e Controle Externo)},
  institution = {Escola Superior de Gestão e Controle Francisco Juruena},
  year        = {2008}
}

@book{BOLONGNA2011desenvolvimento,
  author    = {Bolongna, José Ernesto},
  title     = {O desenvolvimento da liderança},
  location  = {Belo Horizonte},
  publisher = {CEDIC},
  year      = {2011}
}

@book{BRANDÃO1981que,
  author    = {Brandão, Carlos Rodrigues},
  title     = {O que é educação},
  location  = {São Paulo},
  publisher = {Brasiliense},
  year      = {1981}
}

@misc{Decreto8243-2014,
  author   = {Brasil},
  title    = {Decreto 8.243, de 23 de maio de 2014},
  subtitle = {Institui a política nacional de Participação Social PNPS e o Sistema Nacional de Participação Social SNPS, e dá outras providências},
  location = {Brasília},
  year     = {2014},
  options  = {noslsn=true}
}

@misc{Lei12527-2011,
  author   = {Brasil},
  title    = {Lei 12.527, de 18 de novembro de 2011},
  subtitle = {Regula o acesso à informação prevista no inciso XXXIII do art.5º, no inciso II do §3º do art.37 e no §2ºdo art.216 da Constituição Federal; altera a Lei nº 8.112, de 11 de dezembro de 1990; revoga a Lei nº11.111, de 5 de maio de 2005, e dispositivos da Lei nº 8.159, de 8 de janeiro de 1991; e dá outras providências},
  location = {Brasília},
  year     = {2011},
  options  = {noslsn=true}
}

@misc{Lei13460-2017,
  author   = {Brasil},
  title    = {Lei 13.460, de 26 de junho de 2017},
  subtitle = {Dispõe sobre participação, proteção e defesa dos direitos do usuário dos serviços públicos da administração pública},
  location = {Brasília},
  year     = {2017},
  options  = {noslsn=true}
}

@incollection{Ouvidoria2003,
  author       = {Brasil},
  title        = {Ministério da Fazenda. Ouvidoria},
  subtitle     = {universo técnico e abrangência da atividade},
  location     = {Brasília},
  booksubtitle = {Cadernos da Ouvidoria-Geral do Ministério da Fazenda},
  year         = {2003},
  options      = {noslsn=true}
}

@incollection{CADINHA2007Conceituando,
  author       = {Cadinha, Márcia Alvim},
  title        = {Conceituando pedagogia e contextualizando pedagogia empresarial},
  editor       = {Lopes, Izolda},
  editortype   = {organizer},
  booktitle    = {Pedagogia empresarial},
  booksubtitle = {forma e contextos de atuação},
  location     = {Rio de Janeiro},
  publisher    = {Wak},
  year         = {2007}
}

@article{COSTAAndCASTANHEIRA2015liderança,
  author   = {Costa, Jorge Adelino and Castanheira, Patrícia},
  title    = {A liderança na gestão das escolas},
  subtitle = {contributos de análise organizacional},
  journal  = {RBPAE},
  volume   = {31},
  number   = {1},
  year     = {2015},
  pages    = {13--44}
}

@book{FERREIRA2004Novo,
  author    = {Ferreira, Aurélio Buarque de Holanda},
  title     = {Novo dicionário Aurélio da Língua Portuguesa},
  location  = {Curitiba},
  publisher = {Positivo},
  year      = {2004}
}

@book{FRANCO2008Pedagogia,
  author    = {Franco, Maria Amélia Santoro},
  title     = {Pedagogia como ciência da educação},
  location  = {Campinas},
  publisher = {Papirus},
  year      = {2008}
}

@inproceedings{OLIVEIRA2012Pedagogia,
  author     = {Oliveira, Ligia Bitencourt},
  title      = {Pedagogia empresarial},
  subtitle   = {atuação do pedagogo nas organizações},
  eventtitle = {Colóquio internacional. Educação e Contemporaneidade},
  number     = {6},
  venue      = {São Cristovão},
  eventyear  = {2012},
  booktitle  = {Anais},
  location   = {São Cristovão},
  year       = {2012}
}

@inbook{LIBÂNEO2005campo,
  author     = {Libâneo, José Carlos},
  title      = {O campo do conhecimento pedagógico e a identidade profissional do pedagogo},
  booktitle  = {Pedagogia e pedagogos, para quê?},
  bookauthor = {Libâneo, José Carlos},
  location   = {São Paulo},
  publisher  = {Cortez},
  year       = {2005}
}

@article{PEREIRA2013Ouvidoria,
  author   = {Pereira, Mara Dias},
  title    = {Ouvidoria},
  subtitle = {uma possibilidade de atuação do psicólogo},
  journal  = {IGT na Rede},
  volume   = {10},
  number   = {19},
  year     = {2013}
}

@book{PINTO1998Ombudsman,
  author    = {Pinto, Odila de Lara},
  title     = {Ombudsman nos bancos},
  subtitle  = {agente de mudanças nas instituições bancárias brasileiras},
  publisher = {Musa Editora},
  year      = {1998}
}

