%% Farinha e carne no sertão

%%%% self-reference
@article{SelfDias2021,
  author   = {Dias, T. A.},
  title    = {Farinha e carne no sertão. Fome e caristia no litoral},
  subtitle = {aspectos do mercado interno no Rio Grande do Norte (séc. XVIII a XIX)},
  journal  = {Revista Galo},
  number   = {3}
}

%%%% references

@thesis{Alencar2017,
  author      = {Alencar, J. C. V.},
  title       = {Para que enfim se colonizem estes sertões},
  subtitle    = {a Câmara de Natal e a Guerra dos Bárbaros (1681--1722)},
  type        = {Dissertação (Mestrado em História e Espaços)},
  institution = {Universidade Federal do Rio Grande do Norte},
  address     = {Natal},
  year        = {2017}
}

@incollection{Alveal2019,
  author       = {Alveal, C. M. O.},
  title        = {Uma análise preliminar das sesmarias nas Capitanias do Norte},
  pages        = {231--242},
  booktitle    = {A época moderna e o Brasil colonial},
  booksubtitle = {conceitos, fontes e pesquisas},
  editor       = {Silva, G. C. M.},
  editortype   = {organizer},
  address      = {Maceió},
  publisher    = {EDUFAL},
  year         = {2019}
}

@thesis{Araujo2007,
  author      = {Araújo, S. G.},
  title       = {O muro do demônio},
  subtitle    = {economia e cultura na Guerra dos Bárbaros no nordeste colonial do Brasil (séc. XVII e XVIII)},
  type        = {Dissertação (Mestrado em História)},
  institution = {Universidade Federal do Ceará},
  address     = {Fortaleza},
  year        = {2007}
}

@thesis{Barbosa2007agua,
  author      = {Barbosa, D. R. C.},
  title       = {Água, terra e gado},
  subtitle    = {a colonização da Ribeira do Assú na segunda metade do século XVIII},
  type        = {Monografia (Bacharelado em História)},
  institution = {Universidade Federal do Rio Grande do Norte},
  address     = {Natal},
  year        = {2007}
}

@thesis{Barbosa2007camara,
  author      = {Barbosa, K. B. C.},
  title       = {A Câmara de Natal e os homens de conhecida nobreza},
  subtitle    = {governança local na Capitania do Rio Grande (1720--1759)},
  type        = {Dissertação (Mestrado em História e Espaços)},
  institution = {Universidade Federal do Rio Grande do Norte},
  address     = {Natal},
  year        = {2017}
}

@thesis{Barbosa2007ribeiras,
  author      = {Barbosa, L. B. S.},
  title       = {Das ribeiras o tesouro, da receita o sustento},
  subtitle    = {administração da Provedoria da Fazenda Real do Rio Grande (1606--1723)},
  type        = {Dissertação (Mestrado em História e Espaços)},
  institution = {Universidade Federal do Rio Grande do Norte},
  address     = {Natal},
  year        = {2017}
}

@book{Barickman2003acucar,
  author    = {Barickman, B. J.},
  title     = {Um contraponto baiano},
  journal   = {Açucar, fumo, mandioca e escravidão no Recôncavo, 1780--1860},
  publisher = {Civilização Brasileira},
  location  = {Rio de Janeiro},
  year      = {2003}
}

@book{Brandao2010dialogos,
  author    = {Brandão, A. F.},
  title     = {Diálogos das grandezas do Brasil},
  publisher = {Senado Federal},
  location  = {Brasília},
  year      = {2010}
}

@book{Brasil1987amazonia,
  author    = {Brasil, A. B.},
  title     = {Amazônia},
  subtitle  = {Reino da Fantasia},
  location  = {Porto Alegre},
  publisher = {Posenato, Arte e Cultura},
  year      = {1987}
}

@book{Carneiro2003comida,
  author    = {Carneiro, H.},
  title     = {Comida e sociedade},
  subtitle  = {uma história da alimentação},
  location  = {Rio de Janeiro},
  publisher = {Elsevier},
  year      = {2003}
}

@book{Cascudo1980,
  author    = {Cascudo, L. C.},
  title     = {História do Rio Grande do Norte},
  year      = 1980,
  publisher = {Achiamé},
  address   = {Natal}
}

@book{Crosby1993imperialismo,
  author    = {Crosby, A. W.},
  title     = {Imperialismo ecológico},
  subtitle  = {a expansão biológica da Europa (900--1900)},
  location  = {São Paulo},
  publisher = {Companhia das Letras},
  year      = {1993}
}

@inproceedings{Dias2016gentes,
  author     = {Dias, P. O.},
  title      = {Gentes de conquista},
  subtitle   = {famílias, poder e pecuária na Ribeira do Apodi-Mossoró (1676--1725)},
  eventtitle = {Encontro Estadual de História},
  number     = {17},
  venue      = {Guarabira, PB},
  volume     = {17},
  number     = {1},
  eventyear  = {2016},
  booktitle  = {Anais},
  location   = {Guarabira, PB},
  publisher  = {ANPUH-PB},
  year       = {2016},
  url        = {http://www.ufpb.br/evento/index.php/xviieeh/xviieeh/paper/view/3189/2709},
}

@inproceedings{Dias2009comerciantes,
  author     = {Dias, T. A.},
  title      = {Os comerciantes vão à Câmara},
  subtitle   = {contratadores e vereadores da praça mercantil e do Senado de Natal no século XVIII},
  eventtitle = {Simpósio Nacional de História: por uma est(ética) da beleza na História},
  number     = {25},
  venue      = {Fortaleza, CE},
  volume     = {1},
  pages      = {1--9},
  eventyear  = {2009},
  booktitle  = {Anais},
  location   = {Fortaleza, CE},
  publisher  = {MR Áudio e Multimídia},
  year       = {2009},
  url        = {http://www.ufpb.br/evento/index.php/xviieeh/xviieeh/paper/view/3189/2709},
  note       = {Acesso em 7 maio 2021.}
}

@article{Dias2008Secas,
  title    = {Secas colonais},
  subtitle = {A escassez de alimentos e o Senado da Câmara de Natal no final do século XVIII},
  volume   = {4},
  url      = {https://periodicos.ufrn.br/publica/article/view/89},
  number   = {2},
  journal  = {Revista PublICa},
  author   = {Dias, T. A. and Possamai, P. C. and Lopes, F. M.},
  year     = {2008}
}

@thesis{Dias2007carne,
  author      = {Dias, T. A},
  title       = {Carne, farinha e aguardente},
  subtitle    = {o Senado da Câmara de Natal e o abastecimento alimentício interno},
  type        = {Monografia (Bacharelado em História)},
  institution = {Universidade Federal do Rio Grande do Norte},
  address     = {Natal},
  year        = {2007}
}

@book{FigueiredoJr1861,
  author = {Figueiredo{ }Jr, J. B. C.},
  year   = {1861}
}

@book{Flandrin1998historia,
  title      = {História da Alimentação},
  editor     = {Flandrin, J. L. and Montanari, M.},
  editortype = {organizer},
  publisher  = {Estação Liberdade},
  address    = {São Paulo},
  year       = {1998}
}

@book{Freire1675nova,
  author    = {Freire, F. B.},
  title     = {Nova Lusitania},
  subtitle  = {história da guerra Brasilica},
  location  = {Lisboa},
  publisher = {Officina de Joam Galram},
  year      = {1675}
}

@book{hont2005jealousy,
  title     = {Jealousy of Trade},
  subtitle  = {international Competition and the Nation-state in historical perspective},
  author    = {Hont, I.},
  year      = {2005},
  location  = {Cambridge},
  publisher = {Harvard University Press}
}

@book{Koster1942viagens,
  author    = {Koster, H.},
  title     = {Viagens ao nordeste do Brasil},
  publisher = {Companhia Editora Nacional},
  location  = {São Paulo},
  year      = {1942}
}

@collection{Lapa1980modos,
  editor     = {Lapa, J. R. A.},
  editortype = {organizer},
  title      = {Modos de produção e realidade brasileira},
  location   = {Petrópolis},
  publisher  = {Vozes},
  year       = {1980}
}

@book{Linhares1979historia,
  author    = {Linhares, M. Y. L.},
  title     = {História do abastecimento},
  subtitle  = {uma problemática em questão (1530--1918)},
  location  = {São Paulo},
  publisher = {HUCITEC},
  year      = {1979}
}

@thesis{Macedo2007rusticos,
  author      = {Macêdo, M. K.},
  title       = {Rústicos cabedais},
  subtitle    = {patrimônio e cotidiano familiar nos sertões do Seridó (séc. XVIII)},
  type        = {Tese (Doutorado em Ciências Sociais)},
  institution = {Universidade Federal do Rio Grande do Norte},
  address     = {Natal},
  year        = {2007}
}

@book{MedeirosFilho2001notas,
  author    = {Medeiros{ }Filho, O.},
  title     = {Notas para a história do Rio Grande do Norte},
  location  = {João Pessoa},
  publisher = {Unipé},
  year      = {2001}
}

@book{MedeirosFilho1981velhas,
  author    = {Medeiros{ }Filho, O.},
  title     = {Velhas famílias do Seridó},
  location  = {Brasília},
  publisher = {Senado Federal},
  year      = {1981}
}

@book{MedeirosFilho1983velhos,
  author    = {Medeiros{ }Filho, O.},
  title     = {Velhos inventários do Seridó},
  location  = {Brasília},
  publisher = {Senado Federal},
  year      = {1983}
}

@book{Monteiro2007terra,
  author    = {Monteiro, D. M.},
  title     = {Terra e trabalho na História},
  subtitle  = {estudos sobre o Rio Grande do Norte},
  location  = {Natal},
  publisher = {EDUFRN},
  year      = {2007}
}

@book{Passos1854,
  author = {Passos, A. B.},
  year   = {1854}
}

@article{Pereira1973memoria,
  author    = {Pereira, J. J.},
  title     = {Memória sobre a extrema fome e triste situação em que se achava o sertão da Ribeira do Apody da capitania do Rio Grande do Norte, da comarca da Parahiba de Pernambuco; onde se descrevem os meios de occorrer a estes males futuros \dots},
  journal   = {Revista do IHGB},
  volume    = {20},
  part      = {XX},
  pages     = {175--183},
  year      = {1973},
  publisher = {Kraus Reprint},
  location  = {Rio de Janeiro},
  note      = {Originalmente publicada em 1857}
}

@book{PradoJr1997,
  author = {Prado{ }Jr., C.},
  year   = {1997}
}

@article{Soares2009engenho,
  title    = {Engenho sim, de açucar não},
  subtitle = {o engenho de farinha de Frans Post},
  journal  = {Varia Historia},
  author   = {Soares, M. C.},
  volume   = {25},
  number   = {41},
  year     = {2009},
  month    = jun,
  pages    = {61--83}
}

@thesis{Souza2007homem,
  author      = {Souza, A. C. B.},
  title       = {O homem e o sertão},
  subtitle    = {a colonização da Ribeira do Apodi no século XVIII},
  type        = {Monografia (Graduação em História)},
  institution = {Universidade Federal do Rio Grande do Norte},
  address     = {Natal},
  year        = {2007}
}

@article{Velden2019tratados,
  author   = {Velden, F. V.},
  title    = {Tratadas e vacinadas, aguadas e cancerígenas},
  subtitle = {a colonização das dietas indígenas por sistemas de produção de carne},
  journal  = {Revista Ingesta},
  location = {São Paulo},
  volume   = {1},
  number   = {1},
  year     = {2019}
}
