%%%% self-reference
@article{SelfTorresDePaula2021,
  author   = {{Torres de Paula}, T. N.},
  title    = {Os últimos desejos de um governador português na capitania do Rio Grande do Norte},
  subtitle = {o testamento de Caetano da Silva Sanchez (1799)},
  journal  = {Revista Galo},
  number   = {3}
}

% references

@inbook{Marcilio1983Morte,
  author     = {Marcílio, M. L.},
  title      = {A morte de nossos ancestrais},
  bookauthor = {Martins, J. S.},
  booktitle  = {A morte e os mortos na sociedade brasileira},
  location   = {São Paulo},
  publisher  = {HUCITEC},
  year       = {1983}
}

@article{RodriguesAndDillmann2013Desejando,
  author   = {Rodrigues, C. and Dillmann, M.},
  title    = {Desejando pôr a minha alma no caminho da salvação},
  subtitle = {modelos católicos de testamentos no século XVIII},
  journal  = {História Unisinos},
  location = {São Leopoldo, RS},
  volume   = {1},
  number   = {17},
  pages    = {1--11},
  year     = {2013}
}

@incollection{Santos2013Historia,
  author       = {Santos, A. R.},
  title        = {Por uma história da morte},
  subtitle     = {fontes, metodologia e possibilidades interpretativas sobre o Seridó},
  booktitle    = {Capitania do Rio Grande},
  booksubtitle = {história e colonização na América portuguesa},
  editor       = {MACEDO, H. A. M. and Santos, R. S.},
  editortype   = {organizer},
  location     = {Natal},
  publisher    = {EDUFRN},
  year         = {2013}
}
