%% O olhar da gestão frente à importância da leitura compreensiva nos anos finais do ensino fundamental

%%%% self-reference
@article{SelfAlbuquerqueAndCarvalho2021Olhar,
  author  = {Albuquerque, J. de A. da P. and Carvalho, R. B. de},
  title   = {O olhar da gestão frente à importância da leitura compreensiva nos anos finais do ensino fundamental},
  journal = {Revista Galo},
  number  = {4}
}

%%%% references

@book{BagnoEtAl2002Lingua,
  author    = {Bagno, M. and Stubbs, M. and Gagné, G.},
  editor    = {Marcionilo, M.},
  publisher = {Parábola},
  title     = {Língua materna},
  subtitle  = {letramento, variação e ensino},
  location  = {São Paulo},
  year      = {2002}
}

@misc{BaNacCurEF2017,
  author    = {Brasil},
  publisher = {Ministério da Educação e da Cultura},
  title     = {Base nacional comum curricular do ensino fundamental},
  location  = {Brasília},
  year      = {2017}
}

@misc{DiretrizesCur2013,
  author    = {Brasil},
  publisher = {Ministério da Educação. Secretaria de Educação Básica. Diretoria de Currículos e Educação Integral},
  title     = {Diretrizes Curriculares Nacionais Gerais da Educação Básica},
  location  = {Brasília},
  year      = {2013}
}

@incollection{Flores2004Ensino,
  author     = {Flores, Valdir},
  title      = {Ensino, escrita, enunciação},
  subtitle   = {uma questão de leitura},
  editor     = {Campos, Sulemi Fabiano and Barzotto, Valdir Heitor},
  editortype = {organizer},
  booktitle  = {Ensino da Leitura e da Escrita},
  publisher  = {UFRN},
  location   = {Natal},
  year       = {2004}
}

@incollection{Geraldi1991Psicopedagogia,
  author       = {Geraldi, J. W.},
  title        = {Linguagem e ação},
  booktitle    = {Psicopedagogia},
  booksubtitle = {contextualização, formação e atuação profissional},
  editor       = {Scoz, Beatriz Judith Lima and Barone, Leda Maria Codeço and Campos, Maria Célia Malta and Mendes, Mônica Hoehne},
  editortype   = {organizer},
  location     = {Porto Alegre},
  publisher    = {Artes Médicas},
  pages        = {19--25},
  year         = {1991}
}

@incollection{GuedesAndSouza2011NaoApenas,
  author       = {Guedes, Paulo Coimbra and Souza, Jane Mari de.},
  title        = {Não apenas o texto, mas o diálogo é o conteúdo da aula de português},
  booktitle    = {Ler e escrever},
  booksubtitle = {compromisso de todas as áreas},
  editor       = {Neves, Iara Conceição Bitencourt and Souza, Jusamara Vieira and Schäffer, Neiva Otero and Guedes, Paulo Coimbra and Klüsener, Renita},
  editortype   = {organizer},
  location     = {Porto Alegre},
  publisher    = {UFRGS},
  year         = {2011}
}

@article{JouAndSperb2003Leitura,
  author   = {Jou, Graciela Inchausti de and Sperb, Tânia Mara},
  title    = {Leitura compreensiva},
  subtitle = {um estudo de caso},
  journal  = {Linguagem \& Ensino},
  volume   = {6},
  number   = {2},
  location = {Pelotas},
  year     = {2003},
  pages    = {13--54}
}

@book{LavilleAndDionne1999Construcao,
  author    = {Laville, Christian and Dionne, Jean},
  title     = {A construção do saber},
  subtitle  = {manual de metodologia da pesquisa em ciências humanas},
  location  = {Belo Horizonte},
  publisher = {UFMG},
  year      = {1999}
}

@article{Leffa1996Fatores,
  author   = {Leffa, Vilson José},
  title    = {Fatores da compreensão na leitura},
  location = {Porto Alegre},
  journal  = {Cadernos do IL},
  volume   = {15},
  number   = {15},
  pages    = {143--159},
  year     = {1996}
}

@book{Lenner2002Ler,
  author    = {Lenner, Delia},
  location  = {Porto Alegre},
  publisher = {Artmed},
  title     = {Ler e escrever na escola},
  subtitle  = {o real, o possível e o necessário},
  year      = {2002}
}

@incollection{Leontiev2011Inport,
  author     = {Leontiev, A .N.},
  title      = {La importancia del concepto de actividad objetal para la psicologia},
  booktitle  = {las funciones psicológicas en el desarrollo del niño},
  editor     = {Rojas, Luis Quintanar and Soloviera, Yulia},
  editortype = {organizer},
  publisher  = {Trillas},
  year       = {2011},
  location   = {México}
}

@book{RamalhoEtAl2003Ler,
  author    = {Ramalho, B. L. and Nuñez, I. B. and Gauthier, C.},
  title     = {Formar o professor, profissionalizar o ensino},
  subtitle  = {perspectivas e desafios},
  edition   = {2},
  location  = {Porto Alegre},
  publisher = {Sulina},
  year      = {2003}
}

@book{RojasEtAl2009Dificuldades,
  author    = { {Rojas Quintanar}, Luis and Solovieva, Yulia and {Lazaro Garcia}, Emelia and {Bonilla Sánchez}, María del Rosario and {Mejia de Eslava}, Lydia},
  title     = {Dificuldades em el proceso lectorescritor},
  location  = {México},
  publisher = {Trillas},
  year      = {2009}
}

@book{Sole1998Estrategias,
  author    = {Solé, Isabel},
  title     = {Estratégias de leitura},
  location  = {Porto Alegre},
  edition   = {6},
  publisher = {Artmed},
  year      = {1998}
}

@book{Talizina1988Formacion,
  title     = {La formación de la actividad cognoscitiva de los escolares},
  author    = {Talízina, Nina},
  year      = {1988},
  location  = {Havana},
  publisher = {Ministerio de Educación Superior (Cuba)}
}

@book{Vygotsky2005Pensamiento,
  author    = {Vygotsky, L. S.},
  title     = {Pensamiento y lenguaje},
  location  = {Havana},
  publisher = {Pueblo y Educación},
  year      = {2005}
}

@book{VanDijk1997,
  author    = {{van Dijk}, Teun A.},
  editor    = {},
  publisher = {},
  title     = {},
  year      = {1997}
}

@book{Sanchez2012,
  author    = {{Bonilla Sánchez}, María del Rosario},
  editor    = {},
  publisher = {},
  title     = {},
  year      = {2012}
}

@book{NevesEtAl2003Ler,
  editor     = {Neves, Iara Conceição Bitencourt and Souza, Jusamara Vieira and Schäffer, Neiva Otero and Guedes, Paulo Coimbra and Klüsener, Renita},
  editortype = {organizer},
  publisher  = {UFRGS},
  title      = {Ler e escrever},
  subtitle   = {compromisso de todas as áreas},
  edition    = {5},
  location   = {Porto Alegre},
  year       = {2003}
}
