%% Presídio de Açu

%%%% self-reference
@article{SelfFechinaEtAl2021Presídio,
  author   = {Fechina, Isabela Mendes and Santos, Alexandre Bruno Barzani and Honor, André Cabral},
  title    = {Presídio de Açu},
  subtitle = {entre territorialidades lusitanas e sertões indígenas},
  journal  = {Revista Galo},
  number   = {4}
}


%%%% references

@thesis{ARAÚJO2007Muro,
  author      = {Araújo, Soraya},
  title       = {O Muro do Demônio},
  subtitle    = {economia e cultura na Guerra dos Bárbaros no nordeste colonial do Brasil --- séculos XVII e XVIII},
  type        = {Dissertação (Mestrado em História)},
  institution = {UFC},
  location    = {Fortaleza},
  year        = {2007}
}

@book{DOMINGUES2019indígenas,
  editor     = {Domingues, Ângela and Resende, Maria Leônia Chaves de and Cardim, Pedro},
  editortype = {organizer},
  title      = {Os indígenas e as justiças no mundo ibero-americano (sécs. XVI--XIX)},
  location   = {Lisboa and São João Del-Rei},
  publisher  = {CHAM and Centro de Humanidades and PPGH/UFSJ},
  year       = {2019}
}

@article{JORGEAndJorge2000500,
  author   = {Jorge, Wilson and Jorge, W. E.},
  title    = {500 anos de prisões},
  location = {São Paulo},
  journal  = {Revista Pós FAUUSP},
  volume   = {8},
  year     = {2000},
  pages    = {226--247}
}

@article{MAIA2013Aldeias,
  author   = {Maia, Lígio de Oliveira},
  title    = {Aldeias e missões nas capitanias do Ceará e Rio Grande},
  subtitle = {catequese, violência e rivalidades},
  location = {Rio de Janeiro},
  journal  = {Revista Tempo},
  volume   = {19},
  number   = {35},
  year     = {2013}
}

@article{MEDEIROS2008Povos,
  author   = {Medeiros, Ricardo P. de},
  title    = {Povos indígenas nas guerras e conquista do sertão nordestino no período colonial},
  location = {Recife},
  journal  = {Clio},
  volume   = {2},
  number   = {26},
  year     = {2008},
  pages    = {331--361}
}

@thesis{SILVA2015Ribeira,
  author      = {Silva, Tyego Franklim da},
  title       = {Ribeira da Discórdia},
  subtitle    = {terras, homens e relações de poder na territorialização do Assu Colonial (1680--1720)},
  type        = {Dissertação (Mestrado em História)},
  institution = {UFRN},
  location    = {Natal},
  year        = {2015}
}
