%% Educação Ambiental nos livros de Geografia: uma análise temática

%%%% self-reference
@article{SelfLimaAndMoura2021Educação,
  author  = {Lima, Josemar Souza de and Moura, Dayanne Chianca de},
  title   = {Educação Ambiental nos livros de Geografia: uma análise temática},
  journal = {Revista Galo},
  number  = {4}
}


%%%% references

@inproceedings{BANDEIRAAndSTANGEAndSANTOS2012Proposta,
  author     = {Bandeira, A. and Stange, C. E. B. and Santos, J. M. T.},
  title      = {Uma proposta de critérios para análise de livros didáticos de Ciências Naturais na Educação Básica},
  eventtitle = {Simpósio Nacional de Ensino de Ciência e Tecnologia},
  number     = {3},
  venue      = {Ponta Grossa},
  eventyear  = {2012},
  booktitle  = {Anais},
  location   = {Ponta Grossa},
  year       = {2012}
}

@article{BEZERRA2003Temáticas,
  author  = {BEZERRA, O. S.},
  title   = {Temáticas ambientais nos livros didáticos},
  year    = {2003},
  url     = {http://servicos.capes.gov.br/capesdw/resumo.html?idtese=200313124001015038P5},
  urldate = {2008-04-27}
}

@misc{BasNaCur2018,
  author    = {Brasil},
  publisher = {MEC},
  title     = {Base Nacional Comum Curricular},
  subtitle  = {Ensino Médio},
  location  = {Brasília},
  year      = {2018},
  options   = {repeattitles}
}

@misc{PCN1999,
  author    = {Brasil},
  publisher = {MEC},
  title     = {Parâmetros Curriculares Nacionais},
  subtitle  = {Ensino Médio},
  location  = {Brasília},
  year      = {1999},
  options   = {repeattitles}
}

%% LDB1996

%% ConstituiçãoBrasil1988

@book{CARVALHO2004Educação,
  author    = {Carvalho, I. C. M},
  title     = {Educação ambiental},
  subtitle  = {a formação do sujeito ecológico},
  location  = {São Paulo},
  publisher = {Cortez},
  year      = {2004}
}

@misc{Fundeb2018,
  author    = {Brasil},
  publisher = {Governo Federal do Brasil},
  title     = {Fundo Nacional de Desenvolvimento da Educação},
  location  = {Brasília},
  year      = {2018},
  options   = {repeattitles}
}

@incollection{HESPANHOL2006Avaliação,
  author       = {Hespanhol, A. N.},
  title        = {Avaliação oficial de livros didáticos de Geografia no Brasil},
  subtitle     = {O PNLD, 2005 (5ª a 8ª séries)},
  editor       = {Sposito, Maria Encarnação Beltrão},
  editortype   = {organizer},
  booktitle    = {Livros didáticos de História e Geografia},
  booksubtitle = {avaliação e pesquisa},
  location     = {São Paulo},
  publisher    = {Cultura Acadêmica},
  year         = {2006},
  pages        = {73--92}
}

@book{LIMA2006Educação,
  author    = {Lima, G. F. C.},
  title     = {Educação ambiental crítica},
  subtitle  = {do socioambientalismo às sociedades sustentáveis},
  location  = {São Paulo},
  publisher = {Secretaria de Estado do Meio Ambiente, Coordenadoria de Planejamento Ambiental Estratégico e Educação, Departamento de Educação Ambiental},
  year      = {2006}
}

@incollection{LOUREIRO2006Problematizando,
  author     = {Loureiro, C. F. B.},
  title      = {Problematizando conceitos},
  subtitle   = {Contribuição a práxis em educação ambiental},
  editor     = {Layrargues, P. P. and Castro, R. C.},
  editortype = {organizer},
  booktitle  = {Pensamento complexo, dialética e educação ambiental},
  location   = {São Paulo},
  publisher  = {Cortez},
  year       = {2006},
  pages      = {104--161}
}

@misc{GUIALivroDidatico2017,
  author  = {Brasil},
  title   = {Guias do Programa Nacional do Livro Didático},
  year    = {2017},
  url     = {http://portal.mec.gov.br/pnaes/195-secretarias-112877938/seb-educacao-basica2007048997/12637-guias-do-programa-nacional-do-livro-didático},
  urldate = {2017-10-14},
  options = {noslsn=true}
}

@article{SORRENTINO2005Educação,
  author   = {Sorrentino, M.},
  title    = {Educação ambiental como política pública},
  location = {São Paulo},
  journal  = {Educação e Pesquisa},
  volume   = {31},
  number   = {2},
  year     = {2005},
  pages    = {285--299}
}

@book{TOZONI-REIS2004Educação,
  author    = {Tozoni-Reis, M. F. C},
  title     = {Educação ambiental},
  subtitle  = {natureza, razão e história},
  location  = {Campinas},
  publisher = {Editoras Associados},
  year      = {2004}
}
