%% os caminhos

%%%% self-reference
@article{SelfBernardoAndLima2021,
  author  = {Bernardo, L. S. and Lima, J. M.},
  title   = {Os caminhos e os desdobramentos da vida, trajetória política e dos discursos e pronunciamentos de Dinarte Mariz},
  journal = {Revista Galo},
  number  = {3}
}

%%%% references

@thesis{Azevedo2004Figuras,
  author      = {Azevedo, S. C. and Silva, E. A.},
  title       = {Figuras e Imagens de Dinarte Mariz},
  subtitle    = {cenas de sua trajetória político e social},
  type        = {Monografia (Graduação em História)},
  institution = {Universidade Federal do Rio Grande do Norte},
  address     = {Caicó, RN},
  year        = {2004}
}

@article{Couto2012Oligarquias,
  author   = {Couto, C. G.},
  title    = {Oligarquia e processos de oligarquização},
  subtitle = {o aporte de Michels à análise política contemporânea},
  journal  = {Revista de Sociologia e Política},
  volume   = {20},
  number   = {44},
  pages    = {47--62},
  month    = nov,
  year     = {2012}
}

@book{Chartier1990Historia,
  author    = {Chartier, R.},
  title     = {A história cultural},
  subtitle  = {entre práticas e representações},
  location  = {Lisboa},
  publisher = {Difel},
  year      = {1990}
}

@incollection{Ferreira2011Historia,
  author     = {Ferreira, M. M.},
  title      = {História Oral},
  subtitle   = {velhas questões, novos desafios},
  booktitle  = {Novos domínios da História},
  editor     = {Cardoso, C. F. and Vainfas, R.},
  editortype = {organizer},
  location   = {Rio de Janeiro},
  publisher  = {Elsevier and Campus},
  year       = {2011}
}

@book{Foucault1996Ordem,
  author    = {Foucault, M.},
  title     = {A ordem do discurso},
  edition   = {4},
  location  = {São Paulo},
  publisher = {Loyola},
  year      = {1996}
}

@book{Lamartine2003Personagens,
  author    = {Lamartine, P.},
  title     = {Personagens serra-negrenses},
  location  = {Natal},
  publisher = {Sebo Vermelho},
  year      = {2003}
}

@book{Lewin1993Politica,
  author    = {Lewin, L},
  title     = {Política e parentela na Paraíba},
  subtitle  = {um estudo de caso a oligarquia de base familiar},
  location  = {Rio de Janeiro},
  publisher = {Record},
  year      = {1993}
}

@book{Lima2003Solidao,
  author    = {Lima, D. C.},
  title     = {Solidão, solidões},
  subtitle  = {uma biografia de Dinarte Mariz},
  edition   = {2},
  location  = {Brasília},
  publisher = {Senado Federal},
  year      = {2003}
}

@article{Lima2013Memoria,
  title    = {Memórias e narrativas políticas},
  subtitle = {influências da literatura memorialística na produção acadêmica da História do Rio Grande do Norte pós-1945},
  volume   = {14},
  number   = {32},
  location = {Caicó, RN},
  journal  = {Mneme --- Revista de Humanidades},
  author   = {Lima, J. M.},
  year     = {2013}
}

@incollection{Luca2005Historia,
  author     = {Luca, T. R.},
  title      = {História dos, nos e por meio dos periódicos},
  booktitle  = {Fontes Históricas},
  editor     = {Pinsky, C. B.},
  editortype = {organizer},
  location   = {São Paulo},
  publisher  = {Contexto},
  year       = {2005},
  pages      = {111--153}
}

@book{Machado2000Perfil,
  author    = {Machado, J. B.},
  title     = {Perfil da República no Rio Grande do Norte (1889--2003)},
  location  = {Natal},
  publisher = {Departamento Estadual de Imprensa},
  year      = {2000}
}

@book{Maia2005Dinarte,
  author    = {Maia, A. S.},
  title     = {Dinarte Mariz},
  subtitle  = {vida e luta de um potiguar},
  publisher = {Edição do autor},
  location  = {Brasília},
  year      = {2005}
}

@book{Mariz1980Vida,
  author    = {Mariz, D.},
  title     = {A Vida de um Revolucionário},
  location  = {Brasília},
  publisher = {Senado Federal},
  year      = {1980}
}

@book{Medeiros1998Dinarte,
  author    = {Medeiros, M.},
  title     = {Dinarte Mariz governou sem chá de cadeira},
  location  = {Natal},
  publisher = {Departamento Estadual de Imprensa},
  year      = {1998}
}

@article{Moraes2003Sertao,
  author   = {Moraes, A. C. R.},
  title    = {O Sertão},
  subtitle = {um ``outro'' geográfico},
  journal  = {Revista Terra Brasilis},
  location = {Rio de Janeiro},
  volume   = {4--5},
  year     = {2003},
  pages    = {11--23}
}

@article{Nunes2003Sertao,
  author   = {Neves, E. F.},
  title    = {Sertão como recorte espacial e como imaginário cultural},
  location = {Vitória da Conquista, BA},
  journal  = {Politeia --- História e Sociedade},
  volume   = {3},
  number   = {1},
  year     = {2003},
  pages    = {153--162}
}

@article{Thompson2009Historia,
  title   = {História oral e contemporaneidade},
  number  = {5},
  journal = {História Oral},
  author  = {Thompson, P.},
  month   = jun,
  year    = {2002},
  pages   = {9--28}
}


%% Disponível em: http://adcon.rn.gov.br/ACERVO/secretaria_extraordinaria_de_cultura, Acesso às 13:00hs do dia 19 de julho de 2019. 

%% Disponível em http://www.fgv.br/cpdoc/acervo/dicionarios/verbete-biografico/dinarte-de-medeiros-mariz Acesso às 15:15min do dia 03/04/2021.  
