%% Uma História de vida nos Sertões

%%%% self-reference
@article{SelfTorresdePaula2021Uma,
  author   = {{Torres de Paula}, Thiago do Nascimento},
  title    = {Uma História de vida nos Sertões},
  subtitle = {o testamento de Francisco Xavier da Costa, capitania do Rio Grande do Norte (1776)},
  journal  = {Revista Galo},
  number   = {4}
}


%%%% references

@incollection{MARCÍLIO1983morte,
  author     = {Marcílio, Maria Luiza},
  title      = {A morte de nossos ancestrais},
  editor     = {Martins, José de Souza},
  editortype = {organizer},
  booktitle  = {A morte e os mortos na sociedade brasileira},
  location   = {São Paulo},
  publisher  = {HUCITEC},
  year       = {1983}
}

@article{RODRIGUESAndDILLMANN2013Desejando,
  author   = {Rodrigues, Cláudia and Dillmann, Mauro},
  title    = {Desejando pôr a minha alma no caminho da salvação},
  subtitle = {modelos católicos de testamentos no século XVIII},
  location = {São Leopoldo},
  journal  = {História Unisinos},
  volume   = {1},
  number   = {17},
  year     = {2013},
  pages    = {1--11}
}

@incollection{SANTOS2013Por,
  author       = {Santos, Alcineia Rodrigues dos},
  title        = {Por uma história da morte},
  subtitle     = {fontes, metodologia e possibilidades interpretativas sobre o Seridó},
  editor       = {Macedo, Helder Alexandre Medeiros and Santos, Rosenilson da Silva},
  editortype   = {organizer},
  booktitle    = {Capitania do Rio Grande},
  booksubtitle = {história e colonização na América portuguesa},
  location     = {Natal},
  publisher    = {EDUFRN},
  year         = {2013}
}
