%% Oswaldo Lamartine, um narrador da história natural seridoense

%%%% self-reference
@article{SelfAraújoAndSantosAndrodos2021Oswaldo,
  author  = {Araújo, Natália Raiane de Paiva and Santos, Evandro dos},
  title   = {Oswaldo Lamartine, um narrador da história natural seridoense},
  journal = {Revista Galo},
  number  = {4}
}


%%%% references

@book{CAMPOS2001alpendres,
  author    = {Campos, Natércia},
  title     = {Em alpendres d’Acauã, conversa com Oswaldo Lamartine de Faria},
  location  = {Fortaleza and Natal},
  publisher = {Imprensa Universitária/UFC and Fundação José Augusto},
  year      = {2001}
}


@thesis{CASTRO2015Areia,
  author      = {Castro, Marize Lima de},
  title       = {Areia sob os pés da alma},
  subtitle    = {uma leitura da vida e obra de Oswaldo Lamartine de Faria},
  type        = {Tese (Doutorado em Estudos da Linguagem)},
  institution = {UFRN},
  location    = {Natal},
  year        = {2015}
}

@book{DANOWSKIAndVIVEIROSDECASTRO2014mundo,
  author    = {Danowski, Débora and {Viveiros de Castro}, Eduardo},
  title     = {Há mundo por vir?},
  subtitle  = {Ensaio sobre os medos e os fins},
  location  = {Florianópolis},
  publisher = {Desterro, Cultura e Barbárie and Instituto Socioambiental},
  year      = {2014}
}

@book{FARIA1980Sertões,
  author    = {Faria, Oswaldo Lamartine de},
  title     = {Sertões do Seridó},
  location  = {Brasília},
  publisher = {CGS},
  year      = {1980}
}

@book{FARIA1965Velhos,
  author    = {Faria, Juvenal Lamartine de},
  title     = {Velhos Costumes do meu Sertão},
  location  = {Natal},
  publisher = {Fundação José Augusto},
  year      = {1965}
}

@book{FARIA1965Patriarcas,
  author    = {Faria, Juvenal Lamartine de},
  title     = {Patriarcas Seridoenses},
  location  = {Natal},
  publisher = {Fundação José Augusto},
  year      = {1965}
}

@book{KANT2004Ideia,
  author    = {Kant, Immanuel},
  title     = {Ideia de uma história universal de um ponto de vista cosmopolita},
  location  = {São Paulo},
  publisher = {Martins Fontes},
  year      = {2004}
}

@book{KOSELLECK2014Estratos,
  author    = {Koselleck, Reinhart},
  title     = {Estratos do tempo},
  subtitle  = {estudos sobre história},
  location  = {Rio de Janeiro},
  publisher = {Contraponto and PUC-Rio},
  year      = {2014}
}

@thesis{MEDEIROSNETA2007Sertão,
  author      = {{Medeiros Neta}, Olívia Morais de},
  title       = {Ser(tão) Seridó em suas cartografias espaciais},
  type        = {Dissertação (Mestrado em História)},
  institution = {UFRN},
  location    = {Natal},
  year        = {2007}
}

@thesis{MEDEIROS2019Estilo,
  author      = {Medeiros, Eduardo K. de},
  title       = {Estilo e escrita de si em Oswaldo Lamartine de Faria (1989--1994)},
  type        = {TCC (Bacharelado em História)},
  institution = {UFRN},
  location    = {Caicó},
  year        = {2019}
}

@book{NEGREIROSAnderson2001direção,
  author    = {Negreiros, Sanderson},
  title     = {Na direção do relâmpago},
  location  = {Natal},
  publisher = {EDUFRN},
  year      = {2001}
}

@article{PÁDUA2010bases,
  author  = {Pádua, José Augusto},
  title   = {As bases teóricas da história ambiental},
  journal = {Estudos Avançados},
  volume  = {24},
  number  = {68},
  year    = {2010}
}

@article{SANTOSAndrodos2018Estilo,
  author   = {Santos, Evandro dos},
  title    = {Estilo e temporalidades na escrita de Oswaldo Lamartine de Faria},
  subtitle = {em busca do tempo perdido no Seridó potiguar},
  journal  = {Expedições: Teoria da História e Historiografia},
  volume   = {9},
  year     = {2018},
  pages    = {96--109}
}

@thesis{SILVA2019Lugares,
  author      = {Silva, Maria Samara da},
  title       = {Lugares de vida, a vida nos espaços},
  subtitle    = {Oswaldo Lamartine de Faria e a perspectiva da experiência (1940--1970)},
  type        = {Dissertação (Mestrado em História)},
  institution = {UFRN},
  location    = {Natal},
  year        = {2019}
}

@article{TURIN2009história,
  author   = {Turin, Rodrigo},
  title    = {A história profunda da nação},
  subtitle = {conjunções e distensões entre o etnográfico e o histórico (1870--1900)},
  location = {Rio de Janeiro},
  journal  = {Intellèctus (UERJ. Online)},
  volume   = {8},
  year     = {2009},
  pages    = {1--36}
}

@article{WORSTER1991Para,
  author   = {Worster, Donald},
  title    = {Para fazer História Ambiental},
  location = {Rio de Janeiro},
  journal  = {Estudos históricos},
  volume   = {4},
  number   = {8},
  year     = {1991},
  pages    = {198--215}
}
