%%%% self-reference
@article{SelfSilva2021Politica,
  author   = {Silva, J. P. L.},
  title    = {Política(s) e modernização},
  subtitle = {a implantação do programa ``alimentos para a paz'' e as frentes de trabalho no sertão do Seridó-RN (1968--1976)},
  journal  = {Revista Galo},
  number   = {3}
}

%%%%% References

@incollection{AlbuquerqueJr2014Distante,
  author     = {{Albuquerque Júnior}, D. M.},
  title      = {Distante e/ou do Instante},
  subtitle   = {``sertões contemporâneos'', as antinomias de um enunciado},
  editor     = {Freire, A.},
  editortype = {organizer},
  location   = {Salvador},
  booktitle  = {Culturas dos Sertões},
  publisher  = {EDUFBA},
  year       = {2014},
  pages      = {41--57}
}


@article{AlbuquerqueJr1995Palavras,
  author   = {{Albuquerque Júnior}, D. M.},
  title    = {Palavras que calcinam, palavras que dominam},
  subtitle = {a invenção da seca do Nordeste},
  location = {São Paulo},
  journal  = {Revista Brasileira de História},
  volume   = {28},
  year     = {1995},
  pages    = {111--120}
}
 
@book{Diniz2016Governo,
  author    = {Diniz, J. D.},
  title     = {O governo do Monsenhor Walfredo Gurgel},
  location  = {Natal},
  publisher = {Edição do autor},
  year      = {2016}
}

@book{Furtado1998Seca,
  author    = {Furtado, C.},
  title     = {Seca e poder},
  subtitle  = {entrevista com Celso Furtado},
  location  = {São Paulo},
  publisher = {Câmara brasileira do livro},
  year      = {1998}
}

@inbook{Giddens1984Teoria,
  author       = {Giddens, A.},
  title        = {Teoria da modernização e sua crítica},
  bookauthor   = {Giddens, A.},
  booktitle    = {Sociologia},
  booksubtitle = {uma breve porém crítica introdução},
  location     = {Rio de Janeiro},
  publisher    = {Jorge Zahar},
  pages        = {111--119},
  year         = {1984}
}

@book{Hobsbawm1996Revolucao,
  author    = {Hobsbawm, E.},
  title     = {A Revolução Francesa},
  location  = {São Paulo},
  publisher = {Paz e Terra},
  year      = {1996}
}

@article{Neves2013Discurso,
  author   = {Neves, F. C.},
  title    = {O discurso oculto dos retirantes das secas},
  location = {João Pessoa},
  journal  = {Raízes},
  volume   = {33},
  year     = {2013},
  pages    = {67--81}
}

@article{Neves2012Nordeste,
  author   = {Neves, F. C.},
  title    = {O Nordeste e a Historiografia Brasileira},
  location = {São Cristóvão, SE},
  journal  = {Ponta de Lança},
  volume   = {5},
  number   = {10},
  year     = {2012}
}

@inproceedings{RangelAndMarquesan2014Nova,
  author     = {Rangel, J. M. and Marquesan, F. F. S.},
  title      = {A nova relação do sertanejo com a face visível da seca},
  eventtitle = {Congresso Internacional de Pós-Graduações e Pesquisa Latinos em Administração e Estudos Organizacionais},
  venue      = {Porto Alegre and São Leopoldo},
  volume     = {3},
  eventyear  = {2014},
  booktitle  = {Anais do III Congresso Internacional da Red Pilares},
  location   = {Porto Alegre and São Leopoldo},
  year       = {2014}
}

@article{Reichel2004Perigo,
  author   = {Reichel, H. J.},
  title    = {O ``Perigo Vermelho'' na América Latina e a grande imprensa durante os primeiros anos da Guerra Fria (1945--1955)},
  location = {Maringá, PR},
  journal  = {Diálogos},
  volume   = {8},
  number   = {1},
  pages    = {189--208},
  year     = {2004}
}

@book{Remond2003Historia,
  author    = {Remónd, R.},
  title     = {Por uma História Política},
  edition   = {2},
  location  = {Rio de Janeiro},
  publisher = {FGV},
  year      = {2003}
}


@book{Rezende1997Desencantos,
  editor     = {Rezende, A. P.},
  editortype = {organizer},
  title      = {(Des) encantos Modernos},
  subtitle   = {história da cidade do Recife na década de vinte},
  location   = {Recife},
  publisher  = {FUNDARPE},
  year       = {1997}
}

@incollection{Sales2014Sertao,
  author     = {Sales, C. M.},
  title      = {Sertão Encantado},
  subtitle   = {representações da paisagem nordestina no cinema da retomada},
  editor     = {Freire, A.},
  editortype = {organizer},
  booktitle  = {Culturas dos sertões},
  edition    = {1},
  location   = {Salvador},
  publisher  = {EDUFBA},
  year       = {2014},
  volume     = {256},
  pages      = {115--133}
}

@thesis{Souza2012Entre,
  author      = {Souza, D. N.},
  title       = {Entre saques e multidões},
  subtitle    = {efeitos da seca de 1953 no cenário urbano de currais novos},
  type        = {Monografia (Especialização em História)},
  institution = {Universidade Federal do Rio Grande do Norte},
  address     = {Caicó, RN},
  year        = {2007}
}

@book{Trindade2004Aluizio,
  author    = {Trindade, S. L. B.},
  title     = {Aluízio Alves},
  subtitle  = {Populismo e Modernização no Rio Grande do Norte},
  location  = {Natal},
  publisher = {Sebo Vermelho},
  year      = {2004}
}
