%% Não ao peso

%%%% self-reference
@article{SelfFariasAndGenicarlos2021,
  author   = {Farias, L. F. S. and Genicarlos, S.},
  title    = {De como as letras formam um cidadão},
  subtitle = {os ritos e símbolos da Primeira República na cidade de Parelhas-RN (1928--1930)},
  journal  = {Revista Galo},
  number   = {3}
}

%%%% references

@book{Berman1986Tudo,
  author     = {Berman, M.},
  title      = {Tudo que é sólido desmancha no ar},
  subtitle   = {a aventura da modernidade},
  publisher  = {Companhia da Letras},
  year       = {1986},
  translator = {Carlos F. Moisés e Ana Maria L. Ioriatti},
  location   = {São Paulo}
}

@book{Carvalho1990Formacao,
  author    = {Carvalho, J. M.},
  title     = {A Formação das Almas},
  subtitle  = {o imaginário da República no Brasil},
  publisher = {Companhia das Letras},
  year      = {1990},
  location  = {São Paulo}
}

@book{Certeau1994Arte,
  author    = {Certeau, M.},
  maintitle = {A invenção do cotidiano},
  volume    = {1},
  title     = {As artes de fazer},
  publisher = {Vozes},
  location  = {Petrópolis},
  year      = {1994}
}

@book{Harvey2002Condicao,
  author    = {Harvey, D.},
  title     = {Condição Pós-Moderna},
  subtitle  = {uma pesquisa sobre as Origens da Mudança Cultural},
  location  = {São Paulo},
  publisher = {Loyola},
  year      = {2002}
}

@book{HerschmannAndPereira1994Invencao,
  author    = {Herschmann, M. M. and Pereira, C. A. M.},
  title     = {A invenção do Brasil moderno},
  subtitle  = {medicina, educação e engenharia nos anos 20--30},
  location  = {Rio de Janeiro},
  publisher = {Rocco},
  year      = {1994}
}

@book{Jameson2005Modernidade,
  author    = {Jameson. F.},
  title     = {Modernidade Singular},
  location  = {Rio de Janeiro},
  publisher = {Civilização Brasileira},
  year      = {2005}
}

@book{Lima2013Sertao,
  author    = {Lima, N. T.},
  title     = {Um Sertão Chamado Brasil},
  location  = {São Paulo},
  publisher = {Hucitec},
  year      = {2013},
  edition   = {2}
}

@article{SCHUELER2009,
  title    = {Educação escolar na Primeira República},
  subtitle = {memória, história e perspectivas de pesquisa},
  journal  = {Tempo},
  author   = {Magaldi, A. M. B. M. and Schueler, A. F. M.},
  issn     = {1413-7704},
  language = {pt},
  url      = {http://www.scielo.br/scielo.php?script=sci_arttext&pid=S1413-77042009000100003&nrm=iso},
  volume   = {13},
  number   = {26},
  location = {Niterói},
  year     = {2009},
  pages    = {32--55},
  crossref = {10.1590/S1413-77042009000100003}
}


@incollection{Nunes1996Cultura,
  author       = {Nunes, C.},
  title        = {Cultura escolar, modernidade pedagógica e política educacional no espaço urbano carioca},
  booktitle    = {Missionários do progresso},
  booksubtitle = {médicos, engenheiros e educadores no Rio de Janeiro, 1870--1937},
  editor       = {Herschmann, M. and Kropf, S. and Nunes, C.},
  location     = {Rio de Janeiro},
  publisher    = {Diadorim},
  year         = {1996},
  pages        = {155--224},
  edition      = {10}
}

@article{Stamatto2005Escola,
  author   = {Stamatto, M. I. S.},
  title    = {A escola da Ordem e do Progresso},
  subtitle = {(Brasil: 1889--1930)},
  journal  = {Revista da FAEEBA: Educação e contemporaneidade},
  volume   = {14},
  number   = {24},
  year     = {2005},
  pages    = {75--85}
}

@incollection{Sevcenko1998Preludio,
  author     = {Sevcenko, N.},
  title      = {O prelúdio Republicano, astúcias da ordem e ilusões do progresso},
  booktitle  = {História da Vida Privada no Brasil},
  editor     = {Sevcenko, N.},
  editortype = {organizer},
  volume     = {3},
  location   = {São Paulo},
  publisher  = {Companhia das Letras},
  year       = {1998},
  pages      = {7--48}
}

@book{VeigaAndFonceca2003Historia,
  editor     = {Veiga, C. G. and Fonseca, T. N. L.},
  editortype = {organizer},
  title      = {História e Historiografia da Educação no Brasil},
  location   = {Belo Horizonte},
  publisher  = {Autêntica},
  year       = {2003}
}

@article{veiga1997projetos,
  title    = {Projetos urbanos e projetos escolares},
  subtitle = {aproximação na produção de representações de educação em fins do século XIX},
  author   = {Veiga, C. G.},
  journal  = {Educação em Revista},
  volume   = {26},
  pages    = {103--112},
  year     = {1997}
}

@incollection{Vidal2005Cultura,
  author       = {Vidal, D. G.},
  title        = {Cultura e práticas escolares},
  subtitle     = {uma reflexão sobre documentos e arquivos escolares},
  editor       = {Souza, R. F. and Valdemarin, V. T.},
  editortype   = {organizer},
  maintitle    = {A cultura escolar em debate},
  mainsubtitle = {questões conceituais, metodológicas e desafios para a pesquisa},
  location     = {Campinas, SP},
  publisher    = {Autores Associados},
  year         = {2005}
}
