%% Leitura literária e o leitor na era digital

%%%% self-reference
@article{SelfMedeirosAndCamara2021Leitura,
  author  = {Medeiros, D. F. de and Câmara, A. R. M.},
  title   = {Leitura literária e o leitor na era digital},
  journal = {Revista Galo},
  number  = {4}
}

%%%% references
@article{Albaladejo2001,
  title        = {Retórica, tecnologias, receptores},
  author       = {Albaladejo, T.},
  year         = 2001,
  number       = 1,
  volume       = 1,
  pages        = {9--18},
  journaltitle = {Logo. Revista de Retórica y Teoria de lª Comunicación}
}

@incollection{Almeida2005Letramento,
  author       = {Almeida, M. E. B.},
  title        = {Letramento digital e hipertexto},
  subtitle     = {contribuições à educação},
  editor       = {{Schlünzen Junior}, K.},
  editortype   = {organizer},
  booktitle    = {Inclusão digital},
  booksubtitle = {tecendo redes afetivas/cognitivas},
  location     = {Rio de Janeiro},
  publisher    = {DP\&A},
  year         = {2005}
}

@article{Buckingham2010,
  title        = {Cultura digital, educação midiática e o lugar da escolarização},
  author       = {Buckingham, D.},
  year         = 2010,
  number       = 3,
  volume       = 35,
  pages        = {37--58},
  location     = {Porto Alegre},
  journaltitle = {Educação e Realidade}
}

@misc{Carneiro2011Valor,
  title  = {O valor da literatura na era digital},
  url    = {https://www.netmundi.org/cibercultura/2011/o-valor-da-literatura-na-era-digital/},
  author = {Carneiro, A.},
  year   = {2011},
  month  = {Mar}
}

@article{Correa2006Literatura,
  author  = {Corrêa, R. H. M. A.},
  title   = {Literatura, texto e hipertexto},
  year    = {2006},
  journal = {Terra Roxa e Outras Terras: Revista de Estudos Literários},
  volume  = {8},
  pages   = {30--43},
  doi     = {http://dx.doi.org/10.5433/1678-2054.2006v8p30}
}

@book{Nicola2011Painel,
  author    = {Nicola, J. de},
  title     = {Painel da literatura em língua portuguesa},
  subtitle  = {Brasil, Portugal, África},
  publisher = {Scipione},
  year      = {2011},
  edition   = {2},
  location  = {São Paulo}
} 

@book{Eco2003Sobre,
  author     = {Eco, U.},
  title      = {Sobre a Literatura},
  translator = {Eliane Aguiar},
  publisher  = {Ed. Record},
  location   = {Rio de Janeiro},
  year       = {2003}
}

@article{Gomes2009Nativos,
  author   = {Gomes, L. F.},
  title    = {Nativos Digitais},
  subtitle = {quem são e o que querem (parte 1)},
  journal  = {Universo Jurídico},
  volume   = {11},
  location = {Juiz de Fora},
  year     = {2009}
}

@book{Guzzi2010Web,
  author    = {Guzzi, D.},
  title     = {Web e participação},
  subtitle  = {a democracia no século XXI},
  location  = {São Paulo},
  publisher = {Ed. Senac},
  year      = {2010}
}

@book{Levy1999Cibercultura,
  author     = {Lévy, P.},
  title      = {Cibercultura},
  translator = {Carlos Irineu da Costa},
  publisher  = {Ed. 34},
  location   = {São Paulo},
  year       = {1999}
}

@book{Levy1996Virtual,
  author     = {Lévy, P.},
  title      = {O que é virtual},
  translator = {Paulo Neves},
  publisher  = {Ed. 34},
  location   = {São Paulo},
  year       = {1996}
}

@article{Marcuschi2001Hipertexto,
  author   = {Marcuschi, L. A.},
  title    = {O hipertexto como novo espaço de escrita em sala de aula},
  journal  = {Linguagem e Ensino},
  volume   = {4},
  number   = {1},
  year     = {2001},
  pages    = {79--111},
  location = {Pelotas, RS}
}

@book{MartinezArnaldos1990Lenguaje,
  author    = {{Martínez Arnaldos}, Manuel},
  title     = {Lenguaje, texto y mass-media},
  subtitle  = {aproximación a una encrucijada},
  publisher = {Universidad de Murcia},
  location  = {Murcia},
  year      = {1990}
}

@book{Ong1996Oralidad,
  author    = {Ong, W. J.},
  title     = {Oralidad y escritura},
  subtitle  = {tecnologías de la palabra},
  location  = {México},
  publisher = {Fondo de Cultura Económica},
  year      = {1996}
}

@book{PalfreyAndGasser2011Nascidos,
  author    = {Palfrey, J. and Gasser, U.},
  title     = {Nascidos na era digital},
  subtitle  = {entendendo a primeira geração dos nativos digitais},
  publisher = {Artmed},
  location  = {Porto Alegre},
  year      = {2011}
}

@article{Prensky2009Sapiens,
  author   = {Prensky, M.},
  title    = {H. Sapiens Digital},
  subtitle = {From Digital Immigrants and Digital Natives to Digital Wisdom},
  journal  = {Innovate: Journal of Online Education},
  volume   = {5},
  number   = {3},
  year     = {2009}
}

@article{Prensky2001Nativos,
  author  = {Prensky, M.},
  title   = {Digital Natives, Digital Immigrants Part 1},
  journal = {On the Horizon},
  volume  = {9},
  number  = {5},
  year    = {2001},
  pages   = {1--6}
}

@book{Ramos2015Fazer,
  author    = {Ramos, R.},
  title     = {Fazer leitores na era digital},
  subtitle  = {o contributo da biblioteca escolar},
  publisher = {Bliblioteca RBE},
  location  = {Lisboa},
  year      = {2015}
}

@book{Santaella2004Navegar,
  author    = {Santaella, L.},
  title     = {Navegar no ciberespaço},
  subtitle  = {o perfil do leitor imersivo},
  location  = {São Paulo},
  publisher = {Paulus},
  year      = {2004}
}

@book{Xavier2009Era,
  author    = {Xavier, A. C.},
  title     = {A era do hipertexto},
  subtitle  = {linguagem e tecnologia},
  publisher = {Ed. Universitária da UFPE},
  location  = {Recife},
  year      = {2009}
}
