%% a institucionalização

%%%% self-reference
@article{SelfSantosAtAl2021,
  author  = {Santos, A. E. D. and Adelino, J. L. F. and Maia, L. R. S. and Santos{ }J{r}., V.},
  title   = {A institucionalização da Matriz de Santa Luzia na cidade de Mossoró-RN},
  journal = {Revista Galo},
  number  = {3}
}

%%%% references

@misc{Cascudo2010Notas,
  author    = {Cascudo, L. C.},
  title     = {Notas e Documentos para a História de Mossoró},
  location  = {Mossoró},
  publisher = {Coleção Mossoroense},
  year      = {2010},
  url       = {https://colecaomossoroense.org.br/site/wp-content/uploads/2018/07/Notas-e-Documentos-Para-a-Hist%C3%B3ria-de-Mossor%C3%B3.pdf},
  urldate   = {2020-12-14},
  note      = {Edição especial para o Acervo Virtual Oswaldo Lamartine de Faria.}
}

@article{Dantas2004Cidades,
  author  = {Dantas, A. C. M.},
  title   = {Cidades coloniais americanas},
  journal = {Arquitextos},
  number  = {50},
  year    = {2004},
  url     = {https://www.vitruvius.com.br/revistas/read/arquitextos/05.050/566}
}

@book{Faco1972Cangaceiros,
  author    = {Facó, R.},
  title     = {Cangaceiros e fanáticos},
  edition   = {3},
  location  = {Rio de Janeiro},
  publisher = {Civilização Brasileira},
  year      = {1972}
}

@book{Marx1991Cidade,
  author         = {Marx, M.},
  title          = {Cidade no Brasil, terra de quem?},
  location       = {São Paulo},
  publisher      = {Edusp},
  year           = {1991},
}

@article{Medeiros2010Igreja,
  author  = {Medeiros, A. P. G.},
  title   = {Igreja e religiosidade na urbanização de cidades coloniais nas Américas, nos séculos XVI a XVIII},
  journal = {Revista Urutágua},
  number  = {21},
  year    = {2010}
}

@inbook{Monteiro2000Caminhos,
  author     = {Monteiro, D. M.},
  title      = {Caminhos, fazendas, vilas e missões},
  subtitle   = {a Capitania e a consolidação da colonização portuguesa (século XVIII)},
  bookauthor = {Monteiro, D. M.},
  booktitle  = {Introdução à história do Rio Grande do Norte},
  location   = {Natal},
  publisher  = {EDUFRN},
  year       = {2000}
}

@article{Parente1998Papel,
  author  = {Parente, T. G.},
  title   = {O papel da Igreja nas formações das cidades},
  journal = {Revista Clio Histórica},
  volume  = {17},
  number  = {1},
  year    = {1998}
}

@misc{Souza2010Historia,
  author    = {Souza, F. F.},
  title     = {História de Mossoró},
  location  = {Mossoró},
  publisher = {Coleção Mossoroense},
  year      = {2010},
  url       = {https://colecaomossoroense.org.br/site/wp-content/uploads/2018/07/HISTORIA-DE-MOSSORO.pdf},
  urldate   = {2020-12-03},
  note      = {Edição especial para o Acervo Virtual Oswaldo Lamartine de Faria.}
}
 