%% Reflexões sobre o fazer pedagógico dos professores do Centro Estadual de Educação Profissional Doutor Ruy Pereira dos Santos

%%%% self-reference
@article{SelfSilvaAndAraújo2021Reflexões,
  author  = {Silva, Roseane Idalino da and Araújo, Mariza Silva de},
  title   = {Reflexões sobre o fazer pedagógico dos professores do Centro Estadual de Educação Profissional Doutor Ruy Pereira dos Santos},
  journal = {Revista Galo},
  number  = {4}
}


%%%% references

@misc{Decreto5154-2004,
  author   = {Brasil},
  title    = {Decreto 5.154, de 23 de julho de 2004},
  subtitle = {Regulamenta o § 2º do art. 36 e os Arts. 39 a 41 da Lei nº 9.394, de 20 de dezembro de 1996, que estabelece as diretrizes e bases da educação nacional, e dá outras providências},
  location = {Brasília},
  year     = {2004},
  options  = {noslsn=true}
}

@incollection{CIAVATTA2005formação,
  author       = {Ciavatta, Maria},
  title        = {A formação integrada: a escola e o trabalho como lugares de memória e de identidade},
  location     = {São Paulo},
  publisher    = {Cortez},
  year         = {2005},
  editor       = {Frigotto, Gaudêncio and Ciavatta, Maria and Ramos, Marise},
  editortype   = {organizer},
  booktitle    = {Ensino Médio Integrado},
  booksubtitle = {concepção e contradições}
}

@book{FREIRE1996Pedagogia,
  author    = {Freire, Paulo},
  title     = {Pedagogia da autonomia},
  subtitle  = {saberes necessários à prática educativa},
  location  = {São Paulo},
  publisher = {Paz e Terra},
  year      = {1996}
}

@book{FRIGOTTOAndCIAVATTAAndRAMOS2005Ensino,
  editor     = {Frigotto, Gaudêncio and Ciavatta, Maria and Ramos, Marise},
  editortype = {organizer},
  title      = {Ensino Médio Integrado},
  subtitle   = {concepção e contradições},
  location   = {São Paulo},
  publisher  = {Cortez},
  year       = {2005}
}

@incollection{MACHADO2013avaliação,
  author     = {Machado, Maria Margarida},
  title      = {A avaliação da produção das pesquisas sobre o Proeja},
  subtitle   = {impactos da implantação do programa},
  editor     = {Moura, Dante Henrique},
  editortype = {organizer},
  booktitle  = {Produção de conhecimento, políticas públicas e formação docente em educação profissional},
  location   = {Campinas},
  publisher  = {Mercado de Letras},
  year       = {2013}
}

@book{MINAYO2007desafio,
  author    = {Minayo, Maria Cecília de Souza},
  title     = {O desafio do conhecimento},
  subtitle  = {pesquisa qualitativa em saúde},
  location  = {São Paulo},
  publisher = {Hucitec},
  year      = {2007}
}

@inproceedings{NASCIMENTOAndSILVA2017Políticas,
  author     = {Nascimento, Maria Nogueira do and Silva, José Moíses Nunes da},
  title      = {Políticas para Educação Profissional},
  subtitle   = {o programa Brasil Profissionalizado em cena},
  eventtitle = {Colóquio nacional},
  eventyear  = {2017},
  number     = {4},
  venue      = {Natal},
  location   = {Natal},
  booktitle  = {Anais},
  year       = {2017},
  note       = {A produção do conhecimento em educação profissional: a reforma do ensino médio (Lei 13.415/2017) e suas implicações para a educação profissional},
  options    = {noslsn=true}
}

@inproceedings{DANTE2010AlgumasPossibilidades,
  author     = {Moura, Dante Henrique},
  title      = {Algumas possibilidades de organização do ensino médio a partir de uma base unitária},
  subtitle   = {trabalho, ciência, tecnologia e cultura},
  eventtitle = {Seminário Nacional: Currículo Em Movimento --- Perspectivas Atuais},
  eventyear  = {2010},
  number     = {1},
  venue      = {Belo Horizonte},
  location   = {Belo Horizonte},
  booktitle  = {Anais},
  year       = {2010},
  options    = {noslsn=true}
}

@incollection{RAMOS2005Possibilidades,
  author       = {Ramos, Marise},
  title        = {Possibilidades e desafios na organização do currículo integrado},
  booktitle    = {Ensino Médio Integrado},
  booksubtitle = {concepções e contradições},
  editor       = {Frigotto, Gaudêncio and Ciavatta, Maria and Ramos, Marise},
  editortype   = {organizer},
  edition      = {3},
  location     = {São Paulo},
  publisher    = {Cortez},
  year         = {2005}
}

@misc{RAMOS2008Concepção,
  author  = {Ramos, Marise},
  title   = {Concepção do ensino médio integrado},
  note    = {Texto apresentado em seminário promovido pela Secretaria de Educação do Estado do Pará},
  year    = {2008},
  options = {noslsn=true}
}

@incollection{YARED2008Interdisciplinaridade,
  author     = {Yared, Ivone},
  title      = {O que é interdisciplinaridade?},
  booktitle  = {O que é interdisciplinaridade?},
  editor     = {Fazenda, Ivani Catarina Arantes},
  editortype = {organizer},
  location   = {São Paulo},
  publisher  = {Cortez},
  year       = {2008}
}
