%%%% self-reference
@article{SelfLuz2021,
  author   = {Luz, A. M.},
  title    = {Melhoramentos de São Paulo},
  subtitle = {intervenções urbanas e as irmandades negras da capital},
  journal  = {Revista Galo},
  number   = {3}
}

%%%%% References

@article{Aquino2012Modernidades,
  author   = {Aquino, M.},
  title    = {Modernidade republicana e diocesanização do catolicismo no Brasil},
  subtitle = {as relações entre Estado e Igreja na Primeira República 1889--1930},
  journal  = {Revista Brasileira de História},
  location = {São Paulo},
  volume   = {32},
  number   = {63},
  pages    = {143--170},
  year     = {2012}
}

@book{Arroyo1966Igrejas,
  author    = {Arroyo, L.},
  title     = {Igrejas de São Paulo},
  subtitle  = {introdução ao estudo dos templos mais característicos de São Paulo nas suas relações com a crônica da cidade},
  location  = {São Paulo},
  publisher = {Companhia Editora Nacional},
  year      = {1966}
}

@article{AydosAndKoehler2014Beco,
  author   = {Aydos, V. and Koehler, A. L. G.},
  title    = {Beco do Rosário},
  subtitle = {espaços e sociabilidade em um beco da antiga Porto Alegre},
  journal  = {Iluminuras},
  location = {Porto Alegre},
  volume   = {16},
  number   = {36},
  pages    = {308--332},
  year     = {2014}
}

@article{Bertin2010Sociabilidade,
  author   = {Bertin, E.},
  title    = {Sociabilidade negra na São Paulo do século XIX},
  journal  = {Cadernos de Pesquisa do CDHIS},
  location = {Uberlândia, MG},
  volume   = {23},
  number   = {1},
  year     = {2010},
  pages    = {115--132}
}

@thesis{Bertin2006MeiaCara,
  title       = {Os meia-cara},
  subtitle    = {Africanos livres em São Paulo no século XIX},
  author      = {Bertin, E.},
  year        = 2006,
  address     = {São Paulo},
  type        = {Tese (Doutorado)},
  institution = {Universidade de São Paulo}
}

@article{Borin2019Passeios,
  author   = {Borin, M. F.},
  title    = {Os passeios da Rua Barão de Iguape},
  subtitle = {disputas na implementação dos equipamentos viários em São Paulo no fim do século XIX},
  journal  = {Anais do Museu Paulista: História e Cultura Material},
  location = {São Paulo},
  volume   = {27},
  year     = {2019}
}

@incollection{Bresciani2001Melhoramentos,
  author     = {Bresciani, M. S. M.},
  title      = {Melhoramentos entre intervenções e projetos estéticos},
  subtitle   = {São Paulo (1850--1950)},
  booktitle  = {Palavras da cidade},
  editor     = {Bresciani, M. S. M.},
  editortype = {organizer},
  location   = {Porto Alegre},
  publisher  = {Editora da UFRGS},
  year       = {2001}
}

@incollection{Pesavento2001EraUmaVez,
  author     = {Pesavento, S. J.},
  title      = {Era uma vez o beco},
  subtitle   = {origens de um mau lugar},
  booktitle  = {Palavras da cidade},
  editor     = {Bresciani, M. S. M.},
  editortype = {organizer},
  location   = {Porto Alegre},
  publisher  = {Editora da UFRGS},
  year       = {2001}
}

@article{Pesavento1999Lugares,
  author   = {Pesavento, S. J.},
  title    = {Lugares malditos},
  subtitle = {a cidade do ``outro'' no sul brasileiro: Porto Alegre, passagem do século XIX ao século XX},
  location = {São Paulo},
  journal  = {Revista Brasileira de História},
  volume   = {19},
  number   = {37},
  year     = {1999},
  pages    = {195--216}
}

@article{Bresciani1985Metropoles,
  author   = {Bresciani, M. S. M.},
  title    = {Metrópoles},
  subtitle = {as faces do monstro urbano (as cidades no século XIX)},
  journal  = {Revista Brasileira de História},
  location = {São Paulo},
  volume   = {5},
  year     = {1985},
  pages    = {35--68}
}

@inbook{Bresciani2010Sanitarismo,
  author       = {Bresciani, M. S. M.},
  title        = {Sanitarismo e configuração do espaço urbano},
  booktitle    = {Os cortiços de Santa Ifigênia},
  booksubtitle = {sanitarismo e urbanização (1893)},
  bookauthor   = {Cordeiro, S. L.},
  location     = {São Paulo},
  publisher    = {Imprensa Oficial},
  year         = {2010}
}

@article{Bresciani2014Cidade,
  author   = {Bresciani, M. S. M.},
  title    = {A cidade e o urbano},
  subtitle = {experiências, sensibilidades, projetos},
  journal  = {Urbana: Revista Eletrônica do Centro Interdisciplinar de Estudos sobre a Cidade},
  location = {Campinas, SP},
  volume   = {6},
  number   = {8},
  pages    = {63--94},
  year     = {2014}
}

@incollection{Bresciani2002Cidade,
  author     = {Bresciani, M. S. M.},
  title      = {Cidade e História},
  booktitle  = {história e desafios},
  editor     = {Oliveira, L. L.},
  editortype = {organizer},
  location   = {Rio de Janeiro},
  publisher  = {Editora FGV},
  year       = {2002}
}

@article{Bresciani2009Cidades,
  author   = {Bresciani, M. S. M.},
  title    = {Cidades e urbanismo},
  subtitle = {uma possível análise historiográfica},
  location = {Vitória da Conquista, BA},
  journal  = {Politeia --- História e Sociedade},
  volume   = {9},
  number   = {1},
  year     = {2009},
  pages    = {21--50}
}

@thesis{Cerasoli2004Modernizacao,
  title       = {Modernização no plural},
  subtitle    = {obras públicas, tensões sociais e cidadania em São Paulo na passagem do século XIX para o XX},
  author      = {Cerasoli, J. F.},
  year        = 2004,
  address     = {Campinas, SP},
  type        = {Tese (Doutorado)},
  institution = {Universidade Estadual de Campinas}
}

@book{Chalhoub1996Cidade,
  author    = {Chalhoub, S.},
  title     = {Cidade febril},
  subtitle  = {cortiços e epidemias na Corte Imperial},
  location  = {São Paulo},
  publisher = {Companhia das Letras},
  year      = {1996}
}

@thesis{Comar2008Imagens,
  title       = {Imagens de Ébano em altares barrocos},
  subtitle    = {as irmandades leigas de negros em São Paulo (séculos XVIII e XIX)},
  author      = {Comar, M.},
  year        = 2008,
  type        = {Dissertação (Mestrado em História Social)},
  institution = {Universidade de São Paulo}
}

@book{Quintao2019Contribuicoes,
  author      = {Quintão, A. A.},
  title       = {Contribuições para a história do protagonismo de negros e índios na Irmandade de Nossa Senhora do Rosário das Pretos da Penha de França},
  editor      = {Patrícia Freire de Almeida},
  editortype  = {coordinator},
  editora     = {Judie Kristie Pimenta Abrahim},
  editoratype = {Transcrição paleográfica:},
  editorb     = {Antônia Aparecida Quintão},
  editorbtype = {Pesquisa:},
  location    = {São Paulo},
  publisher   = {Movimento Cultural Penha},
  year        = {2019}
}

@book{Quintao2002Irmandades,
  author         = {Quintão, A. A.},
  title          = {Irmandades negras},
  subtitle       = {outro espaço de luta e resistência (São Paulo: 1870--1890)},
  location       = {São Paulo},
  publisher      = {Annablume and Fapesp},
  year           = {2002}
}

@book{Reginaldo2011Rosarios,
  author    = {Reginaldo, L.},
  title     = {Os rosários dos Angolas},
  subtitle  = {irmandades de africanos e crioulos na Bahia setecentista},
  location  = {São Paulo},
  publisher = {Alameda},
  year      = {2011}
}

@article{Reis1996Identidade,
  author   = {Reis, J. J.},
  title    = {Identidade e diversidade étnicas nas Irmandades negras no tempo da Escravidão},
  journal  = {Tempo},
  location = {Rio de Janeiro},
  volume   = {2},
  number   = {3},
  pages    = {7--33},
  year     = {1996}
}

@book{Reis1991Morte,
  author    = {Reis, J. J.},
  title     = {A morte é uma festa},
  subtitle  = {ritos fúnebres e revolta popular no Brasil do século XIX},
  location  = {São Paulo},
  publisher = {Companhia das Letras},
  year      = {1991}
}

@book{Rower1947Ordem,
  author    = {Röwer, B.},
  title     = {A Ordem Franciscana no Brasil},
  location  = {Petrópolis, RJ},
  publisher = {Vozes},
  year      = {1947}
}

@book{Rower1922Provincia,
  author    = {Röwer, B.},
  title     = {A Província Franciscana da Immaculada Conceição do Brasil nas festas do centenário da Independência Nacional (1822--1922)},
  location  = {Petrópolis, RJ},
  publisher = {Vozes},
  year      = {1922}
}

@book{Rower1957Paginas,
  author    = {Röwer, B.},
  title     = {Páginas de história franciscana no Brasil},
  subtitle  = {esboço histórico e documentado de todos os Conventos e Hospícios fundados pelos Religiosos franciscanos da Província da Imaculada Conceição do Sul do Brasil, desde 1591 a 1758, e das aldeias de índios administradas pelos mesmos Religiosos desde 1692 a 1803},
  location  = {Petrópolis, RJ},
  publisher = {Vozes},
  year      = {1957}
}

@book{Santos1998NemTudo,
  author    = {Santos, C. J. F.},
  title     = {Nem tudo era italiano},
  subtitle  = {São Paulo e pobreza: 1890--1915},
  publisher = {Annablume},
  year      = {1998},
  location  = {São Paulo}
}

@article{Santos2020Igrejas,
  author   = {Santos, F. F.},
  title    = {As igrejas das irmandades dos homens pretos},
  subtitle = {documentos da cultura religiosa afro-brasileira na cidade de São Paulo},
  journal  = {Universo Barroco Iberoamericano},
  location = {Sevilla and São Paulo},
  volume   = {13},
  year     = {2020}
}

@article{CodigoDePosturas,
  author    = {{São Paulo (Município)}},
  author+an = {=corporate},
  title     = {Código de Posturas do Município de São Paulo},
  journal   = {Diário Oficial do Município},
  location  = {São Paulo},
  date      = {1886-10-06},
  pages     = {8503},
  note      = {Seção 1. In: BORIN, M. F. Op. Cit., p. 11.}
}

@book{Scarano1978Devocao,
  author    = {Scarano, J.},
  title     = {Devoção e escravidão},
  subtitle  = {a irmandade de Nossa Senhora do Rosário dos Pretos no Distrito Diamantino no século XVIII},
  location  = {São Paulo},
  publisher = {Editora Nacional},
  year      = {1978}
}

@book{Willeke1974Missoes,
  author    = {Willeke, V.},
  title     = {Missões franciscanas no Brasil},
  location  = {Petrópolis, RJ},
  publisher = {Vozes},
  year      = {1974}
}

%%%%%

@book{Boschi1986Leigos,
  author    = {Boschi, C. C.},
  title     = {Os leigos e o poder},
  subtitle  = {irmandades leigas e políticas colonizadoras em Minas Gerais},
  location  = {São Paulo},
  publisher = {Ática},
  year      = {1986}
}

@book{Viana2007Idioma,
  author    = {Viana, L.},
  title     = {O idioma da mestiçagem},
  subtitle  = {as irmandades de pardos na América Portuguesa},
  location  = {Campinas, SP},
  publisher = {Editora Unicamp},
  year      = {2007}
}

