%% Currículo na Educação Infantil: desafios encontrados pelos professores

%%%% self-reference
@article{SelfMedeirosAndDantas2021Currículo,
  author  = {Medeiros, Josefa Maria de and Dantas, Antônia Zélia de Assis},
  title   = {Currículo na Educação Infantil: desafios encontrados pelos professores},
  journal = {Revista Galo},
  number  = {4}
}


%%%% references

@book{BARBOSA2009Práticas,
  author    = {Barbosa, Maria Carmen Silveira},
  title     = {Práticas cotidianas na educação infantil},
  subtitle  = {bases para uma reflexão sobre as orientações curriculares},
  location  = {Brasília},
  publisher = {MEC and SEB and UFRGS},
  year      = {2009}
}

@book{BARDIN2011Análise,
  author    = {Bardin, L.},
  title     = {Análise de conteúdo},
  location  = {São Paulo},
  publisher = {Edições 70},
  year      = {2011}
}

@misc{ConstituiçãoBrasil1988,
  author   = {Brasil},
  title    = {Constituição Federativa do Brasil de 1988},
  location = {Brasília},
  year     = {1988},
  options  = {noslsn=true}
}

@misc{ECA1990,
  author   = {Brasil},
  title    = {Estatuto da Criança e do Adolescente},
  subtitle = {Lei Federal nº~8.069, de 13 julho 1990},
  location = {Brasília},
  year     = {1990},
  options  = {noslsn=true}
}

@misc{LDB1996,
  author   = {Brasil},
  title    = {Lei de Diretrizes e Bases da Educação Nacional},
  subtitle = {Lei nº~9.394/96, de 20 de dezembro de 1996},
  location = {Brasília},
  year     = {1996},
  options  = {noslsn=true}
}

@misc{Parecer15-2017,
  author   = {Brasil},
  title    = {Parecer CNE/CP nº 15/2017},
  location = {Brasília},
  year     = {2017},
  options  = {noslsn=true}
}

@misc{PNE2014,
  author   = {Brasil},
  title    = {Plano Nacional de Educação (PNE 2014-2024)},
  location = {Brasília},
  year     = {2014},
  note     = {Determina diretrizes, metas e estratégias para a política educacional dos próximos dez anos},
  options  = {noslsn=true}
}

@misc{RCNEI1998,
  author   = {Brasil},
  title    = {Referencial curricular nacional para educação infantil},
  location = {Brasília},
  year     = {1998},
  options  = {noslsn=true}
}

@misc{Resolução5-2009,
  author   = {Brasil},
  title    = {Resolução CNE/CEB n. 5, de 17 de dezembro de 2009},
  subtitle = {Institui as  Diretrizes Curriculares Nacionais para a Educação Infantil},
  location = {Brasília},
  year     = {2009},
  options  = {noslsn=true}
}

@article{CAVALCANTI2011Currículo,
  author   = {Cavalcanti, A. S.},
  title    = {Currículo e diversidade cultural},
  subtitle = {uma abordagem a partir do ensino religioso nas escolas públicas},
  journal  = {Fundamento --- Revista de Pesquisa em Filosofia},
  volume   = {1},
  number   = {3},
  year     = {2011},
  pages    = {172--186}
}

@book{DEVRIESAndZAN2004currículo,
  author    = {Devries, R. and Zan, B.},
  title     = {O currículo construtivista na educação infantil},
  subtitle  = {práticas e atividades},
  location  = {Porto Alegre},
  publisher = {Artmed},
  year      = {2004}
}


%% FREIRE1996Pedagogia

@misc{KISHIMOTO1994Currículo,
  author   = {Kishimoto, T. M.},
  title    = {Currículo de educação infantil},
  subtitle = {creches e pré-escolas. Significado do termo currículo, Currículo de educação infantil: critérios de qualidade e 
              instrumentos de implementação.},
  year     = {1994},
  note     = {Texto encomendado pela Coordenação-Geral de Educação Infantil do MEC.}
}

@incollection{KRAMER2003Formação,
  author     = {Kramer, Sônia},
  title      = {Formação de profissionais de Educação infantil},
  subtitle   = {questões e tensões},
  editor     = {Machado, Maria Lucia de A.},
  editortype = {organizer},
  booktitle  = {Encontros e desencontros em educação infantil},
  location   = {São Paulo},
  publisher  = {Cortez},
  year       = {2003}
}

@book{MASETTO2003Competência,
  author    = {Masetto, Marcos Tarciso},
  title     = {Competência Pedagógica do Professor Universitário},
  location  = {São Paulo},
  publisher = {Summus},
  year      = {2003}
}

@book{MoreiraAndSilva2005Currículo,
  editor     = {Moreira, Antonio F. and Silva, Tomaz Tadeu},
  editortype = {organizer},
  title      = {Currículo, Cultura e Sociedade},
  location   = {São Paulo},
  publisher  = {Cortez},
  year       = {2005}
}

@book{MORGADO2005Currículo,
  author    = {Morgado, J. C.},
  title     = {Currículo e profissionalidade docente},
  location  = {Porto},
  publisher = {Porto Editora},
  year      = {2005}
}

@article{OLIVEIRA2013Novas,
  author   = {Oliveira, Zilma de Moraes Ramos de},
  title    = {Novas diretrizes para a educação infantil},
  location = {Brasília},
  journal  = {Salto para o futuro},
  number   = {9},
  year     = {2013}
}

@book{OLIVEIRA2002Educação,
  author    = {Oliveira, Zilma de Moraes Ramos de},
  title     = {Educação Infantil},
  subtitle  = {fundamentos e métodos},
  location  = {São Paulo},
  publisher = {Cortez},
  year      = {2002}
}

@book{PACHECO2007Currículo,
  author    = {Pacheco, M. M. D. R},
  title     = {Currículo, interdisciplinaridade e organização dos processos de ensino},
  publisher = {Fundação Hermínio Ometto / Uniararas},
  location  = {Araras},
  year      = {2007}
}

@article{PASCHOALAndMACHADO2009história,
  author   = {Paschoal, Jaqueline Delgado and Machado, Maria Cristina Gomes},
  title    = {A história da Educação Infantil no Brasil},
  subtitle = {avanços, retrocessos e desafios dessa modalidade educacional},
  location = {Campinas},
  journal  = {Revista HISTEDBR On-line},
  number   = {33},
  year     = {2009},
  pages    = {78--95}
}

@book{SACRISTÁN1999Poderes,
  author    = {Sacristán, J. G},
  title     = {Poderes instáveis em educação},
  location  = {Porto Alegre},
  publisher = {Artmed},
  year      = {1999}
}

@article{SCOCUGLIA2014Paulo,
  author   = {Scocuglia, Afonso Celso Caldeira},
  title    = {Paulo Freire e a pedagogia da pesquisa},
  location = {Florianópolis},
  journal  = {EJA em debate},
  number   = {4},
  year     = {2014}
}

@book{SILVA2010Documentos,
  author    = {Silva, Tomaz Tadeu da},
  title     = {Documentos de identidade},
  subtitle  = {uma introdução às teorias do currículo},
  location  = {Belo Horizonte},
  publisher = {Autêntica},
  year      = {2010}
}

@thesis{SOBRAL2007Propostas,
  author      = {Sobral, Elaine Luciana Silva},
  title       = {Propostas curriculares par a educação infantil},
  subtitle    = {um estudo introdutório},
  type        = {TCC (Especialização em Educação)},
  institution = {UFRN},
  location    = {NATAL},
  year        = {2007}
}
